timestamp,mid_price,best_bid,best_ask,bids,asks,curr_delta,max_delta,min_delta,bid_vpoc,ask_vpoc,trades,trades_vol
1727788100.4743466,2618.5299999999997,2618.39,2618.67,500,500,"(-1.0, 1727788081.402473)","(-1.0, 1727788081.402473)","(-1.0, 1727788081.402473)","(2551.0, 311.0)","(2682.0, 228.186)",1,0.06913507
1727788131.0536623,2617.71,2617.66,2617.76,500,500,"(-1.0, 1727788126.723162)","(-1.0, 1727788126.723162)","(-1.0, 1727788126.723162)","(2551.0, 311.0)","(2681.8, 228.186)",1,0.83257941
1727788161.7675288,2617.585,2617.57,2617.6,500,500,0,0,0,"(2551.0, 311.0)","(2681.8, 228.186)",0,0.0
1727788192.3332667,2617.585,2617.57,2617.6,500,500,0,0,0,"(2551.0, 311.0)","(2681.8, 228.186)",0,0.0
1727788222.786432,2617.5950000000003,2617.59,2617.6,500,500,"(1.0, 1727788222.167473)","(1.0, 1727788222.167473)","(1.0, 1727788222.167473)","(2551.0, 311.0)","(2681.8, 228.186)",1,2.02846945
1727788253.190687,2621.205,2621.04,2621.37,500,500,0,0,0,"(2568.0, 228.517)","(2681.8, 228.186)",0,0.0
1727788283.6069596,2620.25,2620.13,2620.37,500,500,0,0,0,"(2551.0, 311.0)","(2681.8, 228.186)",0,0.0
1727788314.1830685,2619.525,2619.27,2619.78,500,500,0,0,0,"(2551.0, 311.0)","(2681.8, 228.186)",0,0.0
1727788344.6349783,2619.48,2619.28,2619.68,500,500,0,0,0,"(2551.0, 311.0)","(2681.8, 228.186)",0,0.0
1727788375.0647318,2618.59,2618.43,2618.75,500,500,0,0,0,"(2551.0, 311.0)","(2681.8, 228.186)",0,0.0
1727788405.564084,2618.605,2618.46,2618.75,500,500,0,0,0,"(2551.0, 311.0)","(2681.8, 228.186)",0,0.0
1727788436.0958557,2618.1850000000004,2618.01,2618.36,500,500,0,0,0,"(2551.0, 311.0)","(2750.0, 251.668)",0,0.0
1727788466.6580584,2617.52,2617.34,2617.7,500,500,"(0.03553815246890935, 1727788453.239223)","(0.5177690762344547, 1727788443.876852)","(0.03553815246890935, 1727788453.239223)","(2551.0, 311.0)","(2750.0, 246.668)",4,0.66001574
1727788497.109838,2617.71,2617.46,2617.96,500,500,0,0,0,"(2551.0, 311.0)","(2680.8, 228.192)",0,0.0
1727788527.5709517,2618.605,2618.5,2618.71,500,500,0,0,0,"(2551.0, 311.0)","(2643.6000000000004, 219.745)",0,0.0
1727788558.0188463,2617.235,2617.13,2617.34,500,500,"(1.0, 1727788529.940321)","(1.0, 1727788529.940321)","(0.38975037883541946, 1727788529.940321)","(2551.0, 311.0)","(2750.0, 246.668)",2,1.28287239
1727788588.4477398,2616.385,2616.38,2616.39,500,500,0,0,0,"(2551.0, 311.0)","(2680.0, 228.302)",0,0.0
1727788618.8823285,2615.635,2615.63,2615.64,500,500,0,0,0,"(2551.0, 311.0)","(2750.0, 246.668)",0,0.0
1727788649.439764,2615.855,2615.85,2615.86,500,500,"(-1.0, 1727788630.850895)","(-1.0, 1727788630.850895)","(-1.0, 1727788630.850895)","(2551.0, 311.0)","(2750.0, 246.668)",1,0.00383566
1727788679.9373229,2615.13,2614.98,2615.28,500,500,0,0,0,"(2551.0, 311.0)","(2750.0, 246.668)",0,0.0
1727788710.692942,2614.17,2613.97,2614.37,500,500,0,0,0,"(2551.0, 311.0)","(2750.0, 246.668)",0,0.0
1727788741.182959,2613.975,2613.97,2613.98,500,500,0,0,0,"(2551.0, 311.0)","(2677.2000000000003, 228.218)",0,0.0
1727788771.7676136,2613.975,2613.97,2613.98,500,500,0,0,0,"(2551.0, 311.0)","(2750.0, 246.668)",0,0.0
1727788802.2239275,2612.24,2612.07,2612.41,500,500,"(-1.0, 1727788788.601233)","(-0.04513676008838237, 1727788788.601233)","(-1.0, 1727788788.601233)","(2551.0, 311.0)","(2750.0, 246.668)",3,0.42995000000000005
1727788832.847087,2612.0200000000004,2612.01,2612.03,500,500,0,0,0,"(2551.0, 311.0)","(2750.0, 246.668)",0,0.0
1727788863.258871,2612.0150000000003,2612.01,2612.02,500,500,0,0,0,"(2551.0, 311.0)","(2750.0, 246.668)",0,0.0
1727788893.906221,2613.23,2613.01,2613.45,500,500,0,0,0,"(2560.6000000000004, 228.568)","(2750.0, 246.668)",0,0.0
1727788924.3515525,2615.16,2614.87,2615.45,500,500,0,0,0,"(2560.6000000000004, 228.568)","(2679.8, 228.22)",0,0.0
1727788954.7899287,2615.99,2615.71,2616.27,500,500,"(1.0, 1727788953.55663)","(1.0, 1727788953.55663)","(0.04679209099400173, 1727788952.165423)","(2560.6000000000004, 228.568)","(2679.8, 228.215)",3,0.0885421
1727788985.3099892,2614.34,2614.14,2614.54,500,500,0,0,0,"(2560.6000000000004, 228.568)","(2750.0, 246.668)",0,0.0
1727789015.8305662,2614.94,2614.78,2615.1,500,500,0,0,0,"(2560.6000000000004, 228.568)","(2640.8, 272.165)",0,0.0
1727789046.2982616,2613.9399999999996,2613.74,2614.14,500,500,0,0,0,"(2560.6000000000004, 228.568)","(2639.8, 213.989)",0,0.0
1727789076.818933,2612.555,2612.37,2612.74,500,500,"(1.0, 1727789048.365014)","(1.0, 1727789048.365014)","(1.0, 1727789048.365014)","(2551.0, 311.0)","(2676.4, 228.224)",1,0.01861648
1727789107.320862,2612.91,2612.71,2613.11,500,500,0,0,0,"(2560.6000000000004, 228.568)","(2676.2000000000003, 228.232)",0,0.0
1727789137.7427013,2612.0150000000003,2612.01,2612.02,500,500,0,0,0,"(2551.0, 311.0)","(2750.0, 246.668)",0,0.0
1727789168.25166,2613.0,2612.84,2613.16,500,500,0,0,0,"(2560.6000000000004, 228.568)","(2750.0, 246.668)",0,0.0
1727789198.6714437,2613.02,2612.83,2613.21,500,500,0,0,0,"(2560.6000000000004, 228.568)","(2750.0, 246.668)",0,0.0
1727789229.167676,2612.525,2612.28,2612.77,500,500,0,0,0,"(2551.0, 311.0)","(2750.0, 246.668)",0,0.0
1727789259.7255538,2612.0150000000003,2612.01,2612.02,500,500,0,0,0,"(2551.0, 311.0)","(2750.0, 246.668)",0,0.0
1727789290.2535658,2610.255,2610.25,2610.26,500,500,"(-1.0, 1727789271.260209)","(-1.0, 1727789271.260209)","(-1.0, 1727789271.260209)","(2551.0, 311.0)","(2674.4, 231.992)",1,1.46301898
1727789320.7537603,2610.6400000000003,2610.5,2610.78,500,500,0,0,0,"(2551.0, 311.0)","(2637.2000000000003, 212.447)",0,0.0
1727789351.3210611,2609.31,2609.06,2609.56,500,500,"(-1.0, 1727789347.409894)","(-1.0, 1727789347.409894)","(-1.0, 1727789347.409894)","(2551.0, 311.0)","(2750.0, 246.668)",1,0.1692876
1727789381.8864856,2609.5550000000003,2609.35,2609.76,500,500,"(-1.0, 1727789359.272582)","(-0.014493069395663865, 1727789353.136023)","(-1.0, 1727789359.272582)","(2551.0, 311.0)","(2674.0, 228.246)",10,17.24962416
1727789412.3363786,2611.31,2611.2,2611.42,500,500,0,0,0,"(2551.0, 311.0)","(2750.0, 246.668)",0,0.0
1727789442.807274,2610.5299999999997,2610.36,2610.7,500,500,0,0,0,"(2551.0, 311.0)","(2638.8, 219.29500000000002)",0,0.0
1727789473.249984,2609.915,2609.8,2610.03,500,500,0,0,0,"(2551.0, 311.0)","(2673.6000000000004, 228.242)",0,0.0
1727789503.7866743,2609.7799999999997,2609.57,2609.99,500,500,0,0,0,"(2551.0, 311.0)","(2750.0, 246.668)",0,0.0
1727789534.3773103,2610.375,2610.17,2610.58,500,500,0,0,0,"(2551.0, 311.0)","(2750.0, 246.668)",0,0.0
1727789564.8137438,2611.99,2611.71,2612.27,500,500,0,0,0,"(2551.0, 311.0)","(2750.0, 246.668)",0,0.0
1727789595.2999284,2608.74,2608.44,2609.04,500,500,0,0,0,"(2551.0, 311.0)","(2635.4, 259.181)",0,0.0
1727789625.7387722,2608.4449999999997,2608.44,2608.45,500,500,"(1.0, 1727789622.756481)","(1.0, 1727789622.756481)","(0.0022907522909196717, 1727789622.756481)","(2551.0, 311.0)","(2750.0, 246.668)",4,1.15007197
1727789656.2804475,2604.725,2604.52,2604.93,500,500,"(-1.0, 1727789639.515292)","(-0.024896318207199935, 1727789634.52295)","(-1.0, 1727789639.515292)","(2551.0, 311.0)","(2632.8, 258.166)",5,0.15447746
1727789686.8168306,2601.495,2601.49,2601.5,500,500,"(-1.0, 1727789681.439961)","(-0.35817370471761706, 1727789675.548191)","(-1.0, 1727789681.439961)","(2408.0, 251.353)","(2750.0, 246.668)",4,0.34802083
1727789717.4924843,2597.6850000000004,2597.34,2598.03,500,500,"(-0.8895540782377526, 1727789712.658736)","(-0.014797754417402283, 1727789701.630894)","(-0.9443303805842247, 1727789705.032506)","(2408.0, 251.353)","(2677.4, 228.343)",10,0.25679572
1727789747.9888167,2597.6400000000003,2597.46,2597.82,500,500,0,0,0,"(2408.0, 251.353)","(2750.0, 246.668)",0,0.0
1727789778.4220386,2597.075,2597.07,2597.08,500,500,0,0,0,"(2519.2000000000003, 226.026)","(2750.0, 246.668)",0,0.0
1727789808.8676155,2596.915,2596.91,2596.92,500,500,"(-1.0, 1727789792.079411)","(-0.26338646221537887, 1727789791.909871)","(-1.0, 1727789792.079411)","(2408.0, 251.353)","(2750.0, 246.668)",2,0.016963779999999998
1727789839.4464467,2591.29,2590.96,2591.62,500,500,"(-1.0, 1727789831.499195)","(-0.06892876508752997, 1727789820.752148)","(-1.0, 1727789831.499195)","(2408.0, 251.353)","(2658.2000000000003, 228.536)",10,0.11832288
1727789870.0313902,2590.125,2590.12,2590.13,500,500,"(-0.2615262231427763, 1727789859.339856)","(0.36923688842861185, 1727789849.548841)","(-0.2615262231427763, 1727789859.339856)","(2408.0, 251.353)","(2656.6000000000004, 228.382)",2,0.02569467
1727789900.4654775,2590.3450000000003,2590.14,2590.55,500,500,"(1.0, 1727789893.645076)","(1.0, 1727789893.645076)","(0.0009815147501573095, 1727789893.645076)","(2538.6000000000004, 228.72)","(2616.2000000000003, 261.42900000000003)",3,2.91915124
1727789930.914725,2590.125,2590.12,2590.13,500,500,0,0,0,"(2408.0, 251.353)","(2750.0, 246.668)",0,0.0
1727789961.4530642,2587.295,2587.29,2587.3,500,500,"(-0.010010616333522192, 1727789955.250866)","(-0.010010616333522192, 1727789955.250866)","(-0.5050053081667611, 1727789953.566022)","(2510.0, 217.953)","(2750.0, 246.668)",2,0.00767685
1727789991.8822176,2586.8050000000003,2586.56,2587.05,500,500,"(-1.0, 1727789972.394866)","(-0.9996619699730401, 1727789971.123353)","(-1.0, 1727789972.394866)","(2408.0, 251.353)","(2611.8, 274.002)",2,0.01940656
1727790022.382165,2582.355,2582.15,2582.56,500,500,"(0.19077265095502552, 1727790014.056279)","(0.19077265095502552, 1727790014.056279)","(-0.40461367452248714, 1727790008.328243)","(2408.0, 251.353)","(2646.4, 228.434)",5,0.038630380000000006
1727790052.9643722,2580.725,2580.72,2580.73,500,500,"(-1.0, 1727790047.275063)","(-1.0, 1727790047.275063)","(-1.0, 1727790047.275063)","(2408.0, 251.353)","(2608.6000000000004, 261.526)",1,0.01089028
1727790083.4742417,2577.305,2576.91,2577.7,500,500,"(0.08310501638656055, 1727790067.930702)","(0.5156741317626059, 1727790054.872339)","(-0.025878376430674324, 1727790054.239815)","(2499.6000000000004, 226.13400000000001)","(2643.8, 228.465)",6,0.15021151
1727790113.9103355,2572.785,2572.78,2572.79,500,500,"(-0.875693918003447, 1727790113.493389)","(-0.0008993486574417647, 1727790091.916254)","(-0.875693918003447, 1727790113.493389)","(2408.0, 251.353)","(2649.4, 228.514)",16,16.07115314
1727790144.375524,2570.34,2570.26,2570.42,500,500,"(-1.0, 1727790117.114874)","(-0.07251188795751064, 1727790115.612811)","(-1.0, 1727790117.114874)","(2408.0, 251.353)","(2750.0, 246.668)",4,2.8246084299999996
1727790174.8837614,2573.42,2573.06,2573.78,500,500,0,0,0,"(2408.0, 251.353)","(2649.2000000000003, 228.492)",0,0.0
1727790205.3945334,2581.085,2580.81,2581.36,500,500,"(-0.98611417761177, 1727790198.824271)","(0.00694291119411508, 1727790186.941249)","(-0.98611417761177, 1727790198.824271)","(2524.2000000000003, 228.82)","(2750.0, 246.668)",11,5.761272019999999
1727790236.004264,2580.235,2579.86,2580.61,500,500,"(-0.8185170067821479, 1727790228.15016)","(-0.8185170067821479, 1727790228.15016)","(-0.909258503391074, 1727790215.225051)","(2524.2000000000003, 228.82)","(2646.2000000000003, 228.445)",3,0.37033696
1727790266.5197651,2580.685,2580.68,2580.69,500,500,"(-1.0, 1727790255.133111)","(-0.024747362710547026, 1727790247.38396)","(-1.0, 1727790255.133111)","(2524.2000000000003, 228.82)","(2750.0, 246.668)",4,0.4178817
1727790296.9889393,2582.53,2582.28,2582.78,500,500,"(1.0, 1727790276.059906)","(1.0, 1727790276.059906)","(1.0, 1727790276.059906)","(2524.2000000000003, 228.82)","(2724.0, 234.24)",1,29.96639507
1727790327.424142,2573.975,2573.39,2574.56,500,500,0,0,0,"(2408.0, 251.353)","(2750.0, 246.668)",0,0.0
1727790357.9068801,2575.735,2575.17,2576.3,500,500,0,0,0,"(2524.2000000000003, 228.82)","(2604.0, 215.665)",0,0.0
1727790388.4354885,2577.785,2577.4,2578.17,500,500,0,0,0,"(2524.2000000000003, 230.953)","(2750.0, 246.668)",0,0.0
1727790418.9952705,2579.365,2579.36,2579.37,500,500,"(1.0, 1727790390.241811)","(1.0, 1727790390.241811)","(0.9340854530063972, 1727790388.671114)","(2524.2000000000003, 228.82)","(2605.6000000000004, 216.46599999999998)",2,0.0576504
1727790449.4258988,2576.035,2575.39,2576.68,500,500,"(-1.0, 1727790440.411423)","(-0.11660431364526273, 1727790440.411423)","(-1.0, 1727790440.411423)","(2524.2000000000003, 228.82)","(2639.2000000000003, 228.476)",2,0.08886498
1727790479.9463234,2575.12,2574.73,2575.51,500,500,0,0,0,"(2408.0, 251.353)","(2638.8, 213.504)",0,0.0
1727790510.626701,2575.005,2574.67,2575.34,500,500,0,0,0,"(2495.8, 226.159)","(2638.2000000000003, 228.482)",0,0.0
1727790541.2770276,2574.4849999999997,2574.16,2574.81,500,500,0,0,0,"(2408.0, 251.353)","(2750.0, 246.668)",0,0.0
1727790571.821149,2577.0249999999996,2576.72,2577.33,500,500,0,0,0,"(2551.0, 314.988)","(2750.0, 246.668)",0,0.0
1727790602.6116145,2580.135,2579.59,2580.68,500,500,0,0,0,"(2524.2000000000003, 228.82)","(2750.0, 246.668)",0,0.0
1727790633.4318402,2576.375,2576.0,2576.75,500,500,"(1.0, 1727790621.598847)","(1.0, 1727790621.598847)","(0.8027176679567029, 1727790620.626306)","(2524.2000000000003, 228.82)","(2603.0, 269.238)",3,0.03852347
1727790663.9147189,2573.245,2573.03,2573.46,500,500,0,0,0,"(2408.0, 251.353)","(2750.0, 246.668)",0,0.0
1727790694.547279,2573.685,2573.68,2573.69,500,500,0,0,0,"(2524.2000000000003, 228.82)","(2600.4, 228.231)",0,0.0
1727790725.058376,2573.685,2573.68,2573.69,500,500,"(1.0, 1727790721.767232)","(1.0, 1727790721.767232)","(0.2977584714558365, 1727790721.73661)","(2496.4, 226.16)","(2750.0, 246.668)",4,13.882681119999997
1727790755.642177,2575.605,2575.6,2575.61,500,500,0,0,0,"(2408.0, 251.353)","(2602.6000000000004, 270.788)",0,0.0
1727790786.1804292,2573.2200000000003,2573.01,2573.43,500,500,0,0,0,"(2408.0, 251.353)","(2750.0, 246.668)",0,0.0
1727790816.7932637,2572.505,2572.36,2572.65,500,500,0,0,0,"(2408.0, 251.353)","(2750.0, 246.668)",0,0.0
1727790847.3301678,2572.995,2572.99,2573.0,500,500,0,0,0,"(2408.0, 251.353)","(2636.0, 228.628)",0,0.0
1727790877.896904,2574.41,2574.07,2574.75,500,500,"(-1.0, 1727790856.045978)","(-1.0, 1727790856.045978)","(-1.0, 1727790856.045978)","(2408.0, 251.353)","(2750.0, 246.668)",1,0.00753199
1727790908.407754,2573.74,2573.43,2574.05,500,500,0,0,0,"(2408.0, 251.353)","(2750.0, 246.668)",0,0.0
1727790938.8890123,2573.5,2573.25,2573.75,500,500,"(-0.4463373393740844, 1727790931.583424)","(-0.4463373393740844, 1727790931.583424)","(-0.7231686696870422, 1727790928.965715)","(2408.0, 251.353)","(2636.8, 228.489)",2,0.01372677
1727790969.4453237,2573.86,2573.51,2574.21,500,500,0,0,0,"(2408.0, 251.353)","(2750.0, 246.668)",0,0.0
1727791000.0065281,2574.2650000000003,2574.0,2574.53,500,500,"(-1.0, 1727790997.599507)","(-1.0, 1727790997.599507)","(-1.0, 1727790997.599507)","(2496.8, 226.16)","(2637.0, 228.486)",1,0.17
1727791030.604842,2577.295,2577.02,2577.57,500,500,0,0,0,"(2524.2000000000003, 228.82)","(2750.0, 246.668)",0,0.0
1727791061.2531617,2579.88,2579.53,2580.23,500,500,"(-0.9948139867286362, 1727791058.921793)","(-0.03177704210394525, 1727791041.241652)","(-0.9974069933643182, 1727791051.744433)","(2524.2000000000003, 228.82)","(2644.4, 228.446)",19,7.8673150000000005
1727791091.7998888,2583.295,2582.99,2583.6,500,500,0,0,0,"(2524.2000000000003, 228.82)","(2610.2000000000003, 212.941)",0,0.0
1727791122.3466413,2585.315,2585.31,2585.32,500,500,"(1.0, 1727791108.124697)","(1.0, 1727791108.124697)","(1.0, 1727791108.124697)","(2408.0, 251.353)","(2613.2000000000003, 213.395)",1,0.0052879
1727791152.9515243,2581.34,2580.94,2581.74,500,500,"(1.0, 1727791125.838707)","(1.0, 1727791125.838707)","(0.01963966321243523, 1727791125.838707)","(2408.0, 251.353)","(2750.0, 246.668)",2,0.386
1727791183.5790384,2580.855,2580.67,2581.04,500,500,0,0,0,"(2408.0, 251.353)","(2750.0, 246.668)",0,0.0
1727791214.118884,2580.005,2580.0,2580.01,500,500,"(-1.0, 1727791203.44382)","(-1.0, 1727791203.44382)","(-1.0, 1727791203.44382)","(2408.0, 251.353)","(2750.0, 246.668)",1,0.00823452
1727791244.616136,2582.2650000000003,2582.26,2582.27,500,500,"(1.0, 1727791241.125799)","(1.0, 1727791241.125799)","(1.0, 1727791241.125799)","(2408.0, 251.353)","(2608.6000000000004, 213.415)",1,0.03803672
1727791275.1093686,2583.1549999999997,2583.15,2583.16,500,500,"(1.0, 1727791262.305216)","(1.0, 1727791262.305216)","(0.0005417956642368533, 1727791262.305216)","(2408.0, 251.353)","(2750.0, 246.668)",2,3.87600001
1727791305.706062,2585.885,2585.42,2586.35,500,500,"(0.9999999999999994, 1727791297.309431)","(0.9999999999999994, 1727791297.309431)","(0.001650751103749865, 1727791297.30943)","(2408.0, 251.353)","(2613.2000000000003, 211.896)",49,151.44621102000002
1727791336.1838326,2588.325,2588.01,2588.64,500,500,0,0,0,"(2534.4, 228.753)","(2665.4, 228.791)",0,0.0
1727791366.7070167,2588.5150000000003,2588.42,2588.61,500,500,"(-1.0, 1727791357.464108)","(-1.0, 1727791357.464108)","(-1.0, 1727791357.464108)","(2534.4, 228.753)","(2666.0, 228.392)",1,0.7837868
1727791397.1997344,2588.49,2588.19,2588.79,500,500,0,0,0,"(2534.4, 228.753)","(2664.4, 228.393)",0,0.0
1727791427.7904842,2586.2650000000003,2586.07,2586.46,500,500,"(-1.0, 1727791410.31801)","(-0.6340024222950148, 1727791410.31801)","(-1.0, 1727791410.31801)","(2534.4, 228.753)","(2650.6000000000004, 228.406)",3,0.39432026
1727791458.3280787,2585.795,2585.52,2586.07,500,500,0,0,0,"(2408.0, 251.353)","(2750.0, 246.674)",0,0.0
1727791488.9172852,2588.6000000000004,2588.34,2588.86,500,500,0,0,0,"(2534.4, 228.753)","(2750.0, 246.674)",0,0.0
1727791519.589174,2586.76,2586.46,2587.06,500,500,"(-1.0, 1727791513.717692)","(-0.0006915887128407999, 1727791513.717692)","(-1.0, 1727791513.717692)","(2534.4, 228.753)","(2660.2000000000003, 228.401)",6,6.9039299100000004
1727791550.165118,2583.91,2583.84,2583.98,500,500,0,0,0,"(2408.0, 251.353)","(2610.2000000000003, 213.742)",0,0.0
1727791580.705685,2583.895,2583.64,2584.15,500,500,0,0,0,"(2408.0, 251.353)","(2750.0, 246.674)",0,0.0
1727791611.2718515,2585.1549999999997,2584.9,2585.41,500,500,0,0,0,"(2408.0, 251.353)","(2750.0, 246.674)",0,0.0
1727791641.8286889,2581.84,2581.62,2582.06,500,500,0,0,0,"(2408.0, 251.353)","(2645.6000000000004, 228.436)",0,0.0
1727791672.2719588,2576.9449999999997,2576.74,2577.15,500,500,"(-1.0, 1727791662.315325)","(-0.019107977744209463, 1727791649.12505)","(-1.0, 1727791662.315325)","(2408.0, 251.353)","(2750.0, 246.674)",3,2.03056548
1727791702.7251163,2581.56,2581.22,2581.9,500,500,0,0,0,"(2408.0, 251.353)","(2750.0, 246.674)",0,0.0
1727791733.2526376,2585.865,2585.61,2586.12,500,500,"(1.0, 1727791721.646702)","(1.0, 1727791721.646702)","(1.0, 1727791721.646702)","(2527.0, 228.801)","(2750.0, 246.674)",1,0.0041782
1727791763.7221782,2580.725,2580.47,2580.98,500,500,0,0,0,"(2527.0, 228.801)","(2646.4, 228.439)",0,0.0
1727791794.1989465,2578.535,2578.26,2578.81,500,500,0,0,0,"(2527.0, 228.801)","(2750.0, 246.674)",0,0.0
1727791824.723752,2575.82,2575.59,2576.05,500,500,0,0,0,"(2408.0, 251.353)","(2750.0, 246.674)",0,0.0
1727791855.2128525,2572.995,2572.76,2573.23,500,500,0,0,0,"(2408.0, 251.353)","(2750.0, 246.674)",0,0.0
1727791885.7377162,2574.09,2573.68,2574.5,500,500,"(-1.0, 1727791884.812133)","(-1.0, 1727791884.812133)","(-1.0, 1727791884.812133)","(2408.0, 251.353)","(2750.0, 246.674)",1,0.25
1727791916.2388356,2575.6400000000003,2575.34,2575.94,500,500,"(-1.0, 1727791886.93192)","(-1.0, 1727791886.93192)","(-1.0, 1727791886.93192)","(2408.0, 251.353)","(2750.0, 246.674)",1,0.07414
1727791946.6773562,2573.84,2573.51,2574.17,500,500,0,0,0,"(2496.6000000000004, 226.172)","(2750.0, 246.674)",0,0.0
1727791977.1659112,2575.6549999999997,2575.37,2575.94,500,500,0,0,0,"(2408.0, 251.353)","(2750.0, 246.674)",0,0.0
1727792007.6821048,2580.77,2580.45,2581.09,500,500,0,0,0,"(2556.2000000000003, 233.269)","(2750.0, 246.674)",0,0.0
1727792038.26045,2580.17,2579.81,2580.53,500,500,0,0,0,"(2527.0, 228.801)","(2750.0, 246.674)",0,0.0
1727792068.7266157,2578.4399999999996,2578.22,2578.66,500,500,0,0,0,"(2408.0, 251.353)","(2750.0, 246.674)",0,0.0
1727792099.2289732,2578.375,2578.12,2578.63,500,500,0,0,0,"(2408.0, 251.353)","(2750.0, 246.674)",0,0.0
1727792129.732595,2579.1549999999997,2578.82,2579.49,500,500,"(1.0, 1727792113.716193)","(1.0, 1727792113.716193)","(1.0, 1727792113.716193)","(2527.0, 228.801)","(2750.0, 246.674)",1,0.45045918
1727794634.0446682,2547.8900000000003,2547.69,2548.09,500,500,0,0,0,"(2496.6000000000004, 229.012)","(2611.4, 228.667)",0,0.0
1727794664.527621,2548.1099999999997,2547.79,2548.43,500,500,"(1.0, 1727794648.062105)","(1.0, 1727794648.062105)","(0.2896869778061353, 1727794642.140021)","(2496.6000000000004, 229.012)","(2645.2000000000003, 228.44)",2,0.02048449
1727794695.1654484,2548.295,2547.99,2548.6,500,500,0,0,0,"(2496.6000000000004, 229.012)","(2572.8, 213.165)",0,0.0
1727794725.6187909,2550.0649999999996,2549.72,2550.41,500,500,0,0,0,"(2496.6000000000004, 229.012)","(2575.8, 215.731)",0,0.0
1727794756.1670487,2548.205,2547.96,2548.45,500,500,0,0,0,"(2496.6000000000004, 229.012)","(2611.2000000000003, 228.666)",0,0.0
1727794786.7952092,2550.35,2549.95,2550.75,500,500,"(1.0, 1727794766.076111)","(1.0, 1727794766.076111)","(1.0, 1727794766.076111)","(2496.6000000000004, 229.012)","(2645.2000000000003, 228.44)",1,0.00980254
1727794817.3574514,2545.365,2545.1,2545.63,500,500,0,0,0,"(2408.0, 251.358)","(2645.2000000000003, 228.44)",0,0.0
1727794847.8143687,2547.5950000000003,2547.59,2547.6,500,500,0,0,0,"(2496.6000000000004, 229.012)","(2645.2000000000003, 228.44)",0,0.0
1727794878.4053645,2546.865,2546.86,2546.87,500,500,0,0,0,"(2408.0, 251.358)","(2645.2000000000003, 228.44)",0,0.0
1727794909.063073,2548.005,2547.71,2548.3,500,500,"(1.0, 1727794884.49127)","(1.0, 1727794884.49127)","(0.9797129032489629, 1727794883.552363)","(2496.6000000000004, 229.012)","(2574.4, 213.867)",3,0.19224042000000002
1727794939.579986,2543.0950000000003,2542.83,2543.36,500,500,"(-1.0, 1727794926.39017)","(-0.6184202319578699, 1727794921.854714)","(-1.0, 1727794926.39017)","(2408.0, 251.358)","(2645.2000000000003, 228.44)",2,0.06349083999999999
1727794970.0396197,2538.855,2538.45,2539.26,500,500,"(-1.0, 1727794943.177987)","(-0.04497038812753086, 1727794942.660486)","(-1.0, 1727794943.177987)","(2408.0, 251.358)","(2645.2000000000003, 228.434)",6,23.35759249
1727795000.5841517,2529.795,2529.48,2530.11,500,500,"(-0.2810917423816296, 1727794998.080548)","(0.20034787947803553, 1727794984.857753)","(-0.2846755196312727, 1727794990.222132)","(2501.6000000000004, 229.915)","(2555.2000000000003, 219.45)",19,2.3161009800000003
1727795031.3436732,2527.5950000000003,2527.59,2527.6,500,500,"(-0.7144039986296152, 1727795026.31119)","(-0.6992301640784727, 1727795023.109998)","(-0.8572019993148077, 1727795023.899249)","(2408.0, 251.353)","(2645.2000000000003, 228.44)",3,0.08403479
1727795061.8695889,2525.005,2525.0,2525.01,500,500,"(-1.0, 1727795056.922338)","(-0.5892288498567296, 1727795037.386106)","(-1.0, 1727795056.922338)","(2470.8, 229.32999999999998)","(2550.4, 232.169)",4,0.33228782
1727795092.4968636,2506.58,2506.55,2506.61,500,500,"(-0.9980133731134316, 1727795090.04208)","(-0.0009946311681443, 1727795076.632934)","(-0.9980658817984087, 1727795087.697579)","(2439.6, 229.319)","(2531.4, 218.732)",82,63.00252999
1727795122.9338636,2511.74,2511.45,2512.03,500,500,"(1.0, 1727795120.238821)","(1.0, 1727795120.238821)","(0.8155821457040954, 1727795094.098338)","(2450.4, 229.299)","(2539.2000000000003, 215.853)",5,0.10279162
1727795153.4270635,2512.5649999999996,2512.39,2512.74,500,500,0,0,0,"(2450.4, 229.299)","(2587.8, 228.92000000000002)",0,0.0
1727795183.9428325,2508.17,2507.81,2508.53,500,500,"(-1.0, 1727795173.340983)","(-0.999916634378305, 1727795173.338958)","(-1.0, 1727795173.340983)","(2484.8, 212.73)","(2533.6000000000004, 213.721)",2,0.33982833
1727795214.4584413,2503.2650000000003,2503.26,2503.27,500,500,"(-0.2347037555279458, 1727795213.05102)","(-0.2347037555279458, 1727795213.05102)","(-0.5480785977691344, 1727795189.062709)","(2408.0, 251.358)","(2530.6000000000004, 229.319)",34,44.30165383000001
1727795245.0709343,2504.3500000000004,2503.82,2504.88,500,500,"(-1.0, 1727795218.310783)","(-1.0, 1727795218.310783)","(-1.0, 1727795218.310783)","(2408.0, 251.358)","(2528.0, 216.061)",1,0.00575276
1727795275.7890892,2509.035,2508.57,2509.5,500,500,"(-1.0, 1727795257.151788)","(-1.0, 1727795257.151788)","(-1.0, 1727795257.151788)","(2408.0, 251.358)","(2656.4, 234.942)",1,0.23667748
1727795307.5935519,2502.005,2502.0,2502.01,500,500,"(-0.9763421590068938, 1727795295.629282)","(-0.4778904420868426, 1727795289.626332)","(-0.9768679178757117, 1727795294.891475)","(2408.0, 251.358)","(2528.8, 232.242)",5,10.220902240000001
