timestamp,mid_price,best_bid,best_ask,bids,asks,curr_delta,max_delta,min_delta,bid_vpoc,ask_vpoc,trades,trades_vol
1727717045.4320395,2604.995,2604.99,2605.0,500,500,0,0,0,"(2497.0, 1000.0)","(2630.6000000000004, 213.513)",0,0.0
1727717076.1255364,2604.995,2604.99,2605.0,500,500,"(1.0, 1727717073.032293)","(1.0, 1727717073.032293)","(1.0, 1727717073.032293)","(2497.0, 1000.0)","(2631.6000000000004, 401.905)",1,0.00378204
1727717199.2273984,2603.8050000000003,2603.8,2603.81,500,500,"(-1.0, 1727717183.908372)","(-0.00260808630104223, 1727717172.04978)","(-1.0, 1727717183.908372)","(2497.0, 1000.0)","(2604.0, 311.056)",5,2.6679983700000003
1727717229.8430886,2603.8050000000003,2603.8,2603.81,500,500,"(0.14120102917223568, 1727717220.255743)","(0.14120102917223568, 1727717220.255743)","(-0.4293994854138821, 1727717204.225714)","(2497.0, 1000.0)","(2604.0, 221.245)",3,0.69036841
1727717260.376905,2603.8050000000003,2603.8,2603.81,500,500,0,0,0,"(2497.0, 1000.0)","(2603.8, 422.548)",0,0.0
1727717291.0764234,2603.8050000000003,2603.8,2603.81,500,500,"(-0.3758612031218291, 1727717279.74634)","(-0.3758612031218291, 1727717279.74634)","(-0.6879306015609146, 1727717276.304455)","(2497.0, 1000.0)","(2603.8, 462.35900000000004)",2,0.290727
1727717321.7386837,2601.375,2601.37,2601.38,500,500,"(1.0, 1727717307.185511)","(1.0, 1727717307.185511)","(0.00393396048485679, 1727717301.34516)","(2497.0, 1000.0)","(2601.4, 333.316)",2,0.94361141
1727717352.4310331,2600.745,2600.74,2600.75,500,500,"(0.23670645602008916, 1727717350.16536)","(0.23670645602008916, 1727717350.16536)","(-0.37303748766022765, 1727717339.007205)","(2497.0, 1000.0)","(2626.8, 220.981)",6,1.03217058
1727717383.0340447,2599.295,2599.29,2599.3,500,500,"(-0.022801215445578442, 1727717378.724996)","(0.4885993922772108, 1727717370.831327)","(-0.022801215445578442, 1727717378.724996)","(2497.0, 1000.0)","(2599.4, 222.31900000000002)",3,0.38498474
1727717413.6588027,2598.625,2598.62,2598.63,500,500,"(-1.0, 1727717397.231812)","(-1.0, 1727717397.231812)","(-1.0, 1727717397.231812)","(2497.0, 1000.0)","(2598.6000000000004, 288.467)",1,0.03938437
1727717444.2876773,2598.625,2598.62,2598.63,500,500,"(-0.9737526664295456, 1727717433.968453)","(0.004374563287318873, 1727717414.034291)","(-0.9737526664295456, 1727717433.968453)","(2497.0, 1000.0)","(2625.6000000000004, 213.574)",5,0.43333697
1727717474.794869,2598.425,2598.42,2598.43,500,500,0,0,0,"(2497.0, 1000.0)","(2600.0, 225.418)",0,0.0
1727717505.3717003,2594.045,2594.04,2594.05,500,500,"(-1.0, 1727717494.110353)","(-0.012823887311372639, 1727717494.110353)","(-1.0, 1727717494.110353)","(2497.0, 1000.0)","(2616.2000000000003, 303.21)",2,0.15595895
1727717535.9074707,2594.785,2594.78,2594.79,500,500,"(-1.0, 1727717534.122553)","(-0.2189374509386259, 1727717514.617278)","(-1.0, 1727717534.122553)","(2497.0, 1000.0)","(2616.2000000000003, 307.722)",3,0.30693697999999997
1727717566.6452878,2594.785,2594.78,2594.79,500,500,0,0,0,"(2497.0, 1000.0)","(2594.8, 410.818)",0,0.0
1727717597.5118752,2593.205,2593.2,2593.21,500,500,"(-0.9926925774409203, 1727717588.042809)","(-0.6162850495022328, 1727717569.93578)","(-0.99634628872046, 1727717575.048217)","(2497.0, 1000.0)","(2593.2000000000003, 263.033)",8,2.14186601
1727717628.2831254,2593.205,2593.2,2593.21,500,500,"(-1.0, 1727717615.478445)","(-0.007917694999999999, 1727717615.478445)","(-1.0, 1727717615.478445)","(2497.0, 1000.0)","(2618.8, 215.942)",2,10.0
1727717659.277178,2593.205,2593.2,2593.21,500,500,0,0,0,"(2497.0, 1000.0)","(2595.6000000000004, 196.85399999999998)",0,0.0
1727717689.94908,2594.825,2594.82,2594.83,500,500,"(-0.5116279069767444, 1727717688.86858)","(-0.5116279069767444, 1727717688.86858)","(-0.7558139534883721, 1727717669.545772)","(2497.0, 1000.0)","(2619.8, 213.661)",12,0.86
1727717720.5803392,2596.795,2596.79,2596.8,500,500,"(1.0, 1727717713.808585)","(1.0, 1727717713.808585)","(0.002204211867342358, 1727717693.032372)","(2497.0, 1000.0)","(2596.8, 336.204)",4,4.305044420000001
1727717751.162851,2595.665,2595.66,2595.67,500,500,"(-0.020404296463719204, 1727717742.697235)","(-0.020404296463719204, 1727717742.697235)","(-0.5102021482318596, 1727717741.53453)","(2497.0, 1000.0)","(2622.0, 213.925)",12,0.11136135
1727717781.8465552,2597.225,2597.22,2597.23,500,500,"(-1.0, 1727717775.84845)","(-0.25818239593263426, 1727717770.393319)","(-1.0, 1727717775.84845)","(2497.0, 1000.0)","(2622.8, 212.186)",2,2.5176
1727717812.4982705,2597.225,2597.22,2597.23,500,500,"(-0.9387915314799143, 1727717805.702032)","(-0.327742947505092, 1727717796.628435)","(-0.9387915314799143, 1727717805.702032)","(2497.0, 1000.0)","(2623.2000000000003, 212.639)",3,0.12395507
1727717843.0011172,2597.225,2597.22,2597.23,500,500,"(1.0, 1727717819.231976)","(1.0, 1727717819.231976)","(1.0, 1727717819.231976)","(2497.0, 1000.0)","(2598.4, 288.655)",1,0.00300319
1727717873.7397757,2597.225,2597.22,2597.23,500,500,0,0,0,"(2497.0, 1000.0)","(2597.2000000000003, 239.683)",0,0.0
1727717904.356996,2597.6949999999997,2597.69,2597.7,500,500,"(1.0, 1727717886.831662)","(1.0, 1727717886.831662)","(0.0013009504266441997, 1727717884.114299)","(2497.0, 1000.0)","(2625.8, 213.899)",3,0.65294571
1727717934.974419,2601.875,2601.87,2601.88,500,500,"(0.2968317478278221, 1727717925.071417)","(0.2968317478278221, 1727717925.071417)","(-0.3314774622334843, 1727717922.277776)","(2497.0, 1000.0)","(2606.0, 249.582)",14,1.9198819
1727717965.5844142,2601.875,2601.87,2601.88,500,500,0,0,0,"(2497.0, 1000.0)","(2628.2000000000003, 227.384)",0,0.0
1727717996.318888,2601.875,2601.87,2601.88,500,500,0,0,0,"(2497.0, 1000.0)","(2629.0, 213.93)",0,0.0
1727718026.9875398,2601.875,2601.87,2601.88,500,500,"(1.0, 1727718024.098672)","(1.0, 1727718024.098672)","(0.09084616302123226, 1727718024.098672)","(2497.0, 1000.0)","(2629.2000000000003, 212.085)",2,0.13305273
1727718057.5456152,2601.875,2601.87,2601.88,500,500,"(1.0, 1727718055.882591)","(1.0, 1727718055.882591)","(0.986067497926225, 1727718055.680754)","(2497.0, 1000.0)","(2604.0, 288.21299999999997)",2,0.5365095200000001
1727718088.1668677,2604.1949999999997,2604.19,2604.2,500,500,"(0.746689263535032, 1727718087.668102)","(0.8732684692446538, 1727718068.849139)","(0.001136762711125266, 1727718060.265681)","(2497.0, 1000.0)","(2604.2000000000003, 352.061)",18,5.2351206999999995
1727718119.0776293,2604.1949999999997,2604.19,2604.2,500,500,0,0,0,"(2497.0, 1000.0)","(2604.2000000000003, 242.03300000000002)",0,0.0
1727718149.642766,2604.1949999999997,2604.19,2604.2,500,500,"(0.8506542960738107, 1727718146.327492)","(0.8506542960738107, 1727718146.327492)","(-0.0746728519630946, 1727718120.123339)","(2497.0, 1000.0)","(2604.2000000000003, 420.225)",3,0.62017184
1727718180.3420856,2603.855,2603.85,2603.86,500,500,"(-1.0, 1727718174.570997)","(-1.0, 1727718174.570997)","(-1.0, 1727718174.570997)","(2497.0, 1000.0)","(2629.0, 213.328)",1,0.65
1727718211.0200953,2604.005,2604.0,2604.01,500,500,0,0,0,"(2497.0, 1000.0)","(2604.0, 428.442)",0,0.0
1727718242.079405,2604.005,2604.0,2604.01,500,500,"(1.0, 1727718238.556095)","(1.0, 1727718238.556095)","(1.0, 1727718238.556095)","(2497.0, 1000.0)","(2604.0, 492.06899999999996)",1,0.43014
1727718272.7578452,2602.1549999999997,2602.15,2602.16,500,500,0,0,0,"(2497.0, 1000.0)","(2626.8, 211.929)",0,0.0
1727718304.6266181,2602.1549999999997,2602.15,2602.16,500,500,"(0.3170151648804335, 1727718303.374151)","(0.3170151648804335, 1727718303.374151)","(-0.30874539553795033, 1727718295.876182)","(2497.0, 1000.0)","(2603.4, 294.291)",4,1.1475797699999999
1727718335.3440487,2602.925,2602.92,2602.93,500,500,0,0,0,"(2497.0, 1000.0)","(2603.0, 358.923)",0,0.0
1727718366.0522554,2602.925,2602.92,2602.93,500,500,"(1.0, 1727718360.4086)","(1.0, 1727718360.4086)","(1.0, 1727718360.4086)","(2497.0, 1000.0)","(2628.2000000000003, 211.911)",1,0.39169016
1727718396.6633952,2603.995,2603.99,2604.0,500,500,"(-0.17059609211262172, 1727718395.890047)","(-0.17059609211262172, 1727718395.890047)","(-0.5852980460563109, 1727718376.54727)","(2497.0, 1000.0)","(2628.8, 212.442)",2,1.11054531
1727718427.3047128,2603.995,2603.99,2604.0,500,500,0,0,0,"(2497.0, 1000.0)","(2629.6000000000004, 212.539)",0,0.0
1727718457.8277333,2603.9049999999997,2603.9,2603.91,500,500,"(0.8250304338864037, 1727718453.116997)","(0.9125152169432018, 1727718429.680091)","(0.20150353306828941, 1727718429.680091)","(2497.0, 1000.0)","(2604.0, 438.095)",4,0.19580147999999997
1727718488.3264382,2603.9049999999997,2603.9,2603.91,500,500,"(1.0, 1727718462.964837)","(1.0, 1727718462.964837)","(0.3202626941820201, 1727718461.031696)","(2497.0, 1000.0)","(2604.0, 399.06600000000003)",3,0.4962805
1727718518.9354484,2603.9049999999997,2603.9,2603.91,500,500,"(1.0, 1727718506.408281)","(1.0, 1727718506.408281)","(1.0, 1727718506.408281)","(2497.0, 1000.0)","(2604.0, 445.925)",1,0.30643223
1727718549.6523547,2603.9049999999997,2603.9,2603.91,500,500,"(1.0, 1727718534.662257)","(1.0, 1727718534.662257)","(1.0, 1727718534.662257)","(2497.0, 1000.0)","(2604.0, 352.938)",1,0.93145692
1727718580.2851927,2603.9049999999997,2603.9,2603.91,500,500,"(1.0, 1727718555.503257)","(1.0, 1727718555.503257)","(0.5415953005623627, 1727718555.503257)","(2497.0, 1000.0)","(2630.0, 267.64300000000003)",3,0.05225987
1727718610.921103,2603.9049999999997,2603.9,2603.91,500,500,"(0.5478857815081825, 1727718607.936235)","(0.5478857815081825, 1727718607.936235)","(-0.22605710924590874, 1727718599.559913)","(2497.0, 1000.0)","(2604.0, 428.969)",7,2.5841700000000003
1727718641.5722408,2603.9049999999997,2603.9,2603.91,500,500,"(0.8593490657847044, 1727718631.176412)","(0.8593490657847044, 1727718631.176412)","(-0.07032546710764787, 1727718623.656337)","(2497.0, 1000.0)","(2608.2000000000003, 243.409)",3,2.15129051
1727718672.2429454,2603.9049999999997,2603.9,2603.91,500,500,0,0,0,"(2497.0, 1000.0)","(2605.0, 216.83499999999998)",0,0.0
1727718702.7826595,2604.1949999999997,2604.19,2604.2,500,500,"(-0.8068018222068927, 1727718694.171774)","(-0.8068018222068927, 1727718694.171774)","(-0.9034009111034463, 1727718680.095602)","(2497.0, 1000.0)","(2630.6000000000004, 213.208)",2,0.71950337
1727718733.465562,2604.1949999999997,2604.19,2604.2,500,500,"(-0.94861582958075, 1727718716.7564)","(0.025692085209625033, 1727718713.305867)","(-0.94861582958075, 1727718716.7564)","(2497.0, 1000.0)","(2631.6000000000004, 261.776)",3,0.27737336
1727718764.2212093,2604.1949999999997,2604.19,2604.2,500,500,"(-0.874458490752872, 1727718757.036366)","(-0.874458490752872, 1727718757.036366)","(-0.9372292453764359, 1727718735.641214)","(2497.0, 1000.0)","(2631.6000000000004, 261.776)",2,0.08472847
1727718794.9894035,2604.1949999999997,2604.19,2604.2,500,500,0,0,0,"(2497.0, 1000.0)","(2604.8, 296.93699999999995)",0,0.0
1727718825.6489751,2604.185,2604.18,2604.19,500,500,"(1.0, 1727718814.770528)","(1.0, 1727718814.770528)","(0.8409496632020765, 1727718808.654423)","(2497.0, 1000.0)","(2631.6000000000004, 402.74699999999996)",2,0.22778643999999998
1727718856.2683322,2604.185,2604.18,2604.19,500,500,"(1.0, 1727718837.017426)","(1.0, 1727718837.017426)","(0.6674405958297811, 1727718837.017426)","(2497.0, 1000.0)","(2632.0, 212.749)",2,0.012890929999999998
1727718886.9627557,2604.185,2604.18,2604.19,500,500,0,0,0,"(2497.0, 1000.0)","(2632.0, 223.516)",0,0.0
1727718917.6847775,2604.185,2604.18,2604.19,500,500,0,0,0,"(2497.0, 1000.0)","(2631.2000000000003, 220.964)",0,0.0
1727718948.3221562,2603.9049999999997,2603.9,2603.91,500,500,0,0,0,"(2497.0, 1000.0)","(2604.0, 328.126)",0,0.0
1727718979.1003249,2603.9049999999997,2603.9,2603.91,500,500,"(1.0, 1727718948.863933)","(1.0, 1727718948.863933)","(1.0, 1727718948.863933)","(2497.0, 1000.0)","(2631.6000000000004, 189.992)",1,0.00746469
1727719009.6590586,2603.9049999999997,2603.9,2603.91,500,500,0,0,0,"(2497.0, 1000.0)","(2604.0, 327.562)",0,0.0
1727719040.3665285,2603.9049999999997,2603.9,2603.91,500,500,"(-1.0, 1727719012.097351)","(-1.0, 1727719012.097351)","(-1.0, 1727719012.097351)","(2497.0, 1000.0)","(2604.0, 434.874)",1,0.1357096
1727719070.9551322,2603.9049999999997,2603.9,2603.91,500,500,0,0,0,"(2497.0, 1000.0)","(2604.0, 454.932)",0,0.0
1727719101.4758942,2603.9049999999997,2603.9,2603.91,500,500,"(-0.8425162138671561, 1727719096.946295)","(0.07874189306642189, 1727719088.629567)","(-0.8425162138671561, 1727719096.946295)","(2497.0, 1000.0)","(2629.6000000000004, 227.934)",5,0.33132287
1727719132.010972,2603.9049999999997,2603.9,2603.91,500,500,0,0,0,"(2497.0, 1000.0)","(2629.4, 271.501)",0,0.0
1727719162.5270183,2603.9049999999997,2603.9,2603.91,500,500,0,0,0,"(2497.0, 1000.0)","(2605.8, 292.05899999999997)",0,0.0
1727719193.145484,2605.8050000000003,2605.8,2605.81,500,500,"(0.9860127232179647, 1727719184.514773)","(0.9860127232179647, 1727719184.514773)","(3.769741649566138e-05, 1727719165.397644)","(2497.0, 1000.0)","(2632.6000000000004, 213.599)",22,50.66235773000001
1727719223.919362,2606.8050000000003,2606.8,2606.81,500,500,"(-0.8869147411005599, 1727719219.312908)","(0.0076526835142133095, 1727719199.31811)","(-0.8911986063517849, 1727719204.725972)","(2497.0, 1000.0)","(2633.2000000000003, 212.769)",14,1.42581749
1727719254.5719142,2606.8050000000003,2606.8,2606.81,500,500,"(0.1701183745709611, 1727719249.673837)","(0.1701183745709611, 1727719249.673837)","(-0.4149408127145195, 1727719241.41011)","(2497.0, 1000.0)","(2633.2000000000003, 212.203)",3,0.78029343
1727719285.2705154,2606.8050000000003,2606.8,2606.81,500,500,"(-1.0, 1727719261.771153)","(-0.6733081763401403, 1727719260.659806)","(-1.0, 1727719261.771153)","(2497.0, 1000.0)","(2632.0, 212.74)",2,0.5881996
1727719315.8289404,2605.395,2605.39,2605.4,500,500,"(0.25428646045110886, 1727719313.611186)","(0.25428646045110886, 1727719313.611186)","(-0.3728567697744456, 1727719285.114207)","(2497.0, 1000.0)","(2655.8, 380.052)",5,0.34787385
1727719346.4130235,2605.745,2605.74,2605.75,500,500,"(-1.0, 1727719334.095227)","(-1.0, 1727719334.095227)","(-1.0, 1727719334.095227)","(2497.0, 1000.0)","(2655.8, 380.052)",1,0.39169016
1727719377.0243683,2605.745,2605.74,2605.75,500,500,"(-1.0, 1727719346.549055)","(-1.0, 1727719346.549055)","(-1.0, 1727719346.549055)","(2497.0, 1000.0)","(2655.8, 380.052)",1,0.03015409
1727719407.65984,2606.8050000000003,2606.8,2606.81,500,500,"(-1.0, 1727719386.410869)","(-0.06829615762673832, 1727719381.849703)","(-1.0, 1727719386.410869)","(2497.0, 1000.0)","(2631.6000000000004, 403.1)",3,0.7529971200000001
1727719438.2718482,2606.8050000000003,2606.8,2606.81,500,500,"(1.0, 1727719421.193841)","(1.0, 1727719421.193841)","(1.0, 1727719421.193841)","(2497.0, 1000.0)","(2655.8, 380.052)",1,0.01263458
1727719468.8023267,2606.8050000000003,2606.8,2606.81,500,500,"(0.9945804140001822, 1727719455.034702)","(0.9972902070000911, 1727719445.184681)","(0.2673541205237296, 1727719440.4608)","(2497.0, 1000.0)","(2655.8, 380.052)",3,1.4615138499999998
1727719499.3094234,2606.8050000000003,2606.8,2606.81,500,500,0,0,0,"(2497.0, 1000.0)","(2655.8, 380.052)",0,0.0
1727719529.976563,2606.8050000000003,2606.8,2606.81,500,500,0,0,0,"(2497.0, 1000.0)","(2655.8, 380.052)",0,0.0
1727719560.6514437,2606.8050000000003,2606.8,2606.81,500,500,0,0,0,"(2497.0, 1000.0)","(2606.8, 446.843)",0,0.0
1727719591.1370742,2603.115,2603.11,2603.12,500,500,"(-0.8760730908517464, 1727719572.60143)","(-0.13916790516121497, 1727719562.089338)","(-0.9380365454258732, 1727719562.254564)","(2497.0, 1000.0)","(2642.2000000000003, 410.089)",4,0.06455418
1727719622.0636487,2600.625,2600.62,2600.63,500,500,"(0.9366041774043342, 1727719616.39036)","(0.9683020887021672, 1727719614.72144)","(0.016007445205405636, 1727719607.005147)","(2497.0, 1000.0)","(2642.2000000000003, 410.089)",3,0.06309564
1727719652.6697733,2599.175,2599.17,2599.18,500,500,"(-0.8865464776095555, 1727719645.575864)","(0.006162664282418869, 1727719623.445095)","(-0.9371105745223589, 1727719634.053205)","(2497.0, 1000.0)","(2599.2000000000003, 529.161)",6,0.30744008000000006
1727719683.415584,2598.2650000000003,2598.26,2598.27,500,500,"(-0.4101920285724852, 1727719680.335793)","(-0.060118174897577925, 1727719665.214259)","(-0.7050960142862427, 1727719675.187213)","(2497.0, 1000.0)","(2642.2000000000003, 410.089)",14,0.9980342899999999
1727719714.01791,2598.2650000000003,2598.26,2598.27,500,500,"(-1.0, 1727719699.064673)","(-1.0, 1727719699.064673)","(-1.0, 1727719699.064673)","(2497.0, 1000.0)","(2642.2000000000003, 410.089)",1,0.01606083
1727719744.73735,2599.605,2599.6,2599.61,500,500,"(0.9999999999999998, 1727719742.351871)","(0.9999999999999998, 1727719742.351871)","(0.0065683338792056675, 1727719725.764131)","(2497.0, 1000.0)","(2642.2000000000003, 410.089)",16,5.328596360000001
1727720462.5300398,2582.255,2582.25,2582.26,500,500,"(-0.7329725353833568, 1727720453.540533)","(-0.001732972535383357, 1727720441.326844)","(-0.8664862676916785, 1727720441.326845)","(2497.0, 1000.0)","(2633.8, 406.19800000000004)",11,1.1540863799999999
1727720493.130034,2582.255,2582.25,2582.26,500,500,"(0.3404248926897806, 1727720492.76304)","(0.5526709185132792, 1727720474.804538)","(0.20962525840546192, 1727720474.804538)","(2497.0, 1000.0)","(2625.4, 406.158)",5,1.4019634
1727720523.6434038,2580.775,2580.77,2580.78,500,500,"(-0.9984318432543281, 1727720509.697932)","(-0.2548254711717082, 1727720497.432111)","(-0.9992159216271641, 1727720506.934006)","(2497.0, 1000.0)","(2620.0, 517.069)",5,2.55076542
1727720554.1584902,2581.0550000000003,2580.9,2581.21,500,500,"(-0.9204641045336674, 1727720552.032988)","(-0.04762028284383193, 1727720529.799484)","(-0.9568101044571474, 1727720534.656434)","(2497.0, 1000.0)","(2621.0, 405.688)",11,5.249863820000001
1727720585.122595,2581.375,2581.37,2581.38,500,500,"(-0.9869570504858055, 1727720582.94134)","(0.0065214747570972245, 1727720575.102426)","(-0.9869570504858055, 1727720582.94134)","(2497.0, 1000.0)","(2621.0, 405.688)",4,5.9402162
1727720615.7265716,2581.375,2581.37,2581.38,500,500,"(1.0, 1727720608.273437)","(1.0, 1727720608.273437)","(1.0, 1727720608.273437)","(2497.0, 1000.0)","(2625.4, 406.158)",1,0.03764922
1727720646.1955857,2583.005,2583.0,2583.01,500,500,"(1.0, 1727720628.585402)","(1.0, 1727720628.585402)","(0.8565734134402437, 1727720618.794882)","(2497.0, 1000.0)","(2628.0, 380.052)",3,5.793258000000001
1727720676.7718225,2583.005,2583.0,2583.01,500,500,0,0,0,"(2497.0, 1000.0)","(2628.0, 380.052)",0,0.0
1727720710.959947,2584.775,2584.77,2584.78,500,500,"(-0.6426446919891384, 1727720704.8569)","(0.1288315497656512, 1727720689.903853)","(-0.6720993206939969, 1727720690.87288)","(2497.0, 1000.0)","(2628.0, 380.052)",12,12.138638500000003
1727720741.6837354,2588.475,2588.47,2588.48,500,500,"(0.04963660552610462, 1727720739.379637)","(0.5248183027630524, 1727720734.529457)","(0.04963660552610462, 1727720739.379637)","(2497.0, 1000.0)","(2720.0, 459.96500000000003)",28,3.70927077
1727720772.192715,2588.105,2588.1,2588.11,500,500,"(1.0, 1727720758.369727)","(1.0, 1727720758.369727)","(0.15458777921311198, 1727720758.369727)","(2497.0, 1000.0)","(2588.2000000000003, 448.19)",2,0.04664806
1727720802.8448975,2588.105,2588.1,2588.11,500,500,"(-1.0, 1727720789.510924)","(-0.02377746153846154, 1727720789.510924)","(-1.0, 1727720789.510924)","(2497.0, 1000.0)","(2588.2000000000003, 567.941)",2,0.13
1727720833.352237,2585.895,2585.89,2585.9,500,500,"(0.9846035501941545, 1727720823.089945)","(0.9846035501941545, 1727720823.089945)","(-0.007698224902922842, 1727720804.882641)","(2497.0, 1000.0)","(2628.0, 380.052)",5,2.05260436
1727720863.8386734,2586.565,2586.56,2586.57,500,500,"(-1.0, 1727720834.45123)","(-0.006825582203095521, 1727720834.45123)","(-1.0, 1727720834.45123)","(2497.0, 1000.0)","(2628.0, 380.052)",2,1.3245287700000001
1727720894.2930834,2582.7299999999996,2582.72,2582.74,500,500,"(-0.5211448179597895, 1727720890.119355)","(-0.5211448179597895, 1727720890.119355)","(-0.7605724089798948, 1727720871.164784)","(2497.0, 1000.0)","(2628.0, 380.052)",5,1.7337205300000003
1727720924.8729444,2582.725,2582.72,2582.73,500,500,"(-0.12617265933931784, 1727720920.392211)","(0.15864680687802507, 1727720902.175938)","(-0.40306035794431466, 1727720902.476001)","(2497.0, 1000.0)","(2628.0, 380.052)",5,2.3475221299999998
1727720955.5005555,2585.1549999999997,2585.15,2585.16,500,500,"(-1.0, 1727720931.421383)","(-1.0, 1727720931.421383)","(-1.0, 1727720931.421383)","(2497.0, 1000.0)","(2628.0, 380.052)",1,1.5300748
1727720986.0368006,2582.725,2582.72,2582.73,500,500,"(-0.9942773374509833, 1727720976.97627)","(0.002861331274508394, 1727720969.183945)","(-0.9942773374509833, 1727720976.97627)","(2497.0, 1000.0)","(2582.8, 442.54200000000003)",2,1.3137591
1727721016.5649,2581.315,2581.31,2581.32,500,500,"(-0.9974070239532182, 1727721014.926597)","(-0.22498055900158798, 1727721004.90459)","(-0.9974070239532182, 1727721014.926597)","(2497.0, 1000.0)","(2628.0, 380.052)",5,5.789363160000001
1727721047.070357,2578.995,2578.99,2579.0,500,500,"(-0.3198445002310441, 1727721027.489145)","(-0.01899026632780039, 1727721020.348859)","(-0.6561370759344278, 1727721021.168871)","(2497.0, 1000.0)","(2620.0, 517.069)",19,11.762016189999999
1727721077.7797272,2578.995,2578.99,2579.0,500,500,"(1.0, 1727721073.839479)","(1.0, 1727721073.839479)","(0.03646943394403313, 1727721047.293011)","(2497.0, 1000.0)","(2620.0, 517.069)",4,0.42473732999999997
1727721108.3961737,2575.395,2575.39,2575.4,500,500,"(-0.9514551378420952, 1727721096.54603)","(-0.1262770133292398, 1727721093.722464)","(-0.9757275689210475, 1727721095.631134)","(2497.0, 1000.0)","(2615.2000000000003, 406.158)",34,10.369424849999998
1727721139.0323958,2576.475,2576.47,2576.48,500,500,"(0.9066231286349994, 1727721134.004843)","(0.9066231286349994, 1727721134.004843)","(0.001782664985550481, 1727721115.718652)","(2497.0, 1000.0)","(2620.0, 517.069)",5,3.96032909
1727721169.7339756,2578.3450000000003,2578.34,2578.35,500,500,"(-0.2660754118924958, 1727721166.013335)","(-0.2660754118924958, 1727721166.013335)","(-0.633037705946248, 1727721145.710028)","(2497.0, 1000.0)","(2620.0, 517.069)",6,1.7763712799999998
1727721200.4444015,2581.435,2581.43,2581.44,500,500,"(1.0, 1727721197.994449)","(1.0, 1727721197.994449)","(0.0015587747252695122, 1727721184.722734)","(2497.0, 1000.0)","(2628.0, 375.935)",2,0.03162099
1727721230.9696326,2582.855,2582.84,2582.87,500,500,"(-0.9185157087402129, 1727721219.621937)","(-0.9185157087402129, 1727721219.621937)","(-0.9592578543701065, 1727721204.017744)","(2497.0, 1000.0)","(2628.0, 375.935)",5,0.67760717
1727721261.4830995,2581.245,2581.24,2581.25,500,500,"(-0.5182169130300518, 1727721248.230689)","(0.24089154348497413, 1727721245.037675)","(-0.5182169130300518, 1727721248.230689)","(2497.0, 1000.0)","(2628.0, 375.935)",3,0.03167002
1727721292.098805,2581.885,2581.88,2581.89,500,500,"(1.0, 1727721284.107232)","(1.0, 1727721284.107232)","(0.7303370786516854, 1727721271.244183)","(2497.0, 1000.0)","(2628.0, 375.935)",3,0.89
1727721322.7252107,2581.245,2581.24,2581.25,500,500,"(-0.738693165782888, 1727721309.340651)","(0.0012232743068329515, 1727721301.47073)","(-0.8681233085846111, 1727721308.052114)","(2497.0, 1000.0)","(2620.0, 517.069)",8,2.9228848999999997
1727721353.8640087,2579.635,2579.63,2579.64,500,500,"(-0.15402455007167118, 1727721334.623223)","(-0.15402455007167118, 1727721334.623223)","(-0.5770122750358356, 1727721329.883813)","(2497.0, 1000.0)","(2620.0, 517.069)",5,2.4279489199999995
1727721384.4787648,2578.9849999999997,2578.98,2578.99,500,500,"(0.6433583671591264, 1727721373.191777)","(0.6433583671591264, 1727721373.191777)","(-0.17832081642043682, 1727721358.144433)","(2497.0, 1000.0)","(2620.0, 517.069)",10,7.3021199999999995
1727721415.148814,2579.925,2579.92,2579.93,500,500,0,0,0,"(2497.0, 1000.0)","(2620.0, 517.069)",0,0.0
1727721445.775295,2583.95,2583.88,2584.02,500,500,"(-0.2897500940422294, 1727721439.771486)","(0.07030147634878504, 1727721431.987605)","(-0.5745735706723297, 1727721432.815511)","(2497.0, 1000.0)","(2628.0, 375.935)",19,7.83164122
1727721476.323968,2583.125,2583.12,2583.13,500,500,"(1.0, 1727721447.673602)","(1.0, 1727721447.673602)","(0.000795361832858097, 1727721447.673602)","(2497.0, 1000.0)","(2628.0, 375.935)",2,4.36100886
1727721506.8564286,2583.2,2583.16,2583.24,500,500,"(1.0, 1727721498.964755)","(1.0, 1727721498.964755)","(0.39106244797840434, 1727721498.964755)","(2497.0, 1000.0)","(2628.0, 375.935)",2,0.38706281
1727721537.4441516,2583.415,2583.41,2583.42,500,500,"(-1.0, 1727721531.496224)","(-1.0, 1727721531.496224)","(-1.0, 1727721531.496224)","(2497.0, 1000.0)","(2628.0, 375.935)",1,0.015
1727721567.9722264,2583.1949999999997,2583.19,2583.2,500,500,"(-0.9930859541621507, 1727721561.280641)","(-0.9930859541621507, 1727721561.280641)","(-0.9965429770810754, 1727721557.088286)","(2497.0, 1000.0)","(2628.0, 375.935)",2,0.65225486
1727721598.5739503,2583.1949999999997,2583.19,2583.2,500,500,"(1.0, 1727721581.676799)","(1.0, 1727721581.676799)","(0.004015439102283355, 1727721581.676799)","(2497.0, 1000.0)","(2609.2000000000003, 404.805)",3,0.7176375800000001
1727721629.036101,2583.1949999999997,2583.19,2583.2,500,500,"(0.650661476224912, 1727721623.125137)","(0.8253307381124559, 1727721614.714012)","(0.008076574509928255, 1727721603.038814)","(2497.0, 1000.0)","(2628.0, 375.935)",6,0.31366887000000004
1727721659.5454319,2583.4049999999997,2583.4,2583.41,500,500,"(-0.7485269131513945, 1727721658.283561)","(0.1257365434243027, 1727721638.490945)","(-0.7485269131513945, 1727721658.283561)","(2497.0, 1000.0)","(2628.0, 375.935)",3,0.74348298
1727721690.2332811,2585.2349999999997,2585.23,2585.24,500,500,"(1.0, 1727721685.937774)","(1.0, 1727721685.937774)","(0.6840684350523095, 1727721672.806067)","(2497.0, 1000.0)","(2628.0, 375.935)",3,0.02839539
1727721720.7418892,2584.085,2584.08,2584.09,500,500,0,0,0,"(2497.0, 1000.0)","(2628.0, 375.935)",0,0.0
1727721751.3227863,2582.005,2582.0,2582.01,500,500,"(-0.9872242191764112, 1727721743.679902)","(-0.014792183681661932, 1727721736.931542)","(-0.9936121095882057, 1727721736.931542)","(2497.0, 1000.0)","(2628.0, 375.935)",14,2.36611448
1727721782.9579213,2584.565,2584.56,2584.57,500,500,"(1.0, 1727721768.186953)","(1.0, 1727721768.186953)","(0.011013520799321391, 1727721768.186953)","(2497.0, 1000.0)","(2628.0, 375.935)",2,0.65723851
1727721813.5014617,2584.565,2584.56,2584.57,500,500,"(1.0, 1727721797.436974)","(1.0, 1727721797.436974)","(1.0, 1727721797.436974)","(2497.0, 1000.0)","(2584.6000000000004, 459.6)",1,0.04293921
1727721844.112629,2580.855,2580.85,2580.86,500,500,"(-0.9948122017031039, 1727721839.601636)","(-0.0696001854161061, 1727721815.453933)","(-0.997406100851552, 1727721829.805078)","(2497.0, 1000.0)","(2620.0, 517.069)",7,2.7554887800000003
1727721874.8450687,2580.855,2580.85,2580.86,500,500,"(1.0, 1727721865.849463)","(1.0, 1727721865.849463)","(1.0, 1727721865.849463)","(2497.0, 1000.0)","(2628.0, 375.935)",1,0.02887199
1727721905.301975,2583.255,2583.25,2583.26,500,500,"(0.9389395929759673, 1727721901.224239)","(0.9389395929759673, 1727721901.224239)","(0.17568450517555947, 1727721878.319318)","(2497.0, 1000.0)","(2628.0, 375.935)",4,0.81886123
1727721935.7728972,2583.5950000000003,2583.59,2583.6,500,500,"(1.0, 1727721926.161124)","(1.0, 1727721926.161124)","(1.0, 1727721926.161124)","(2497.0, 1000.0)","(2609.2000000000003, 405.223)",1,0.53460623
1727721966.3240345,2587.495,2587.49,2587.5,500,500,"(1.0, 1727721962.583701)","(1.0, 1727721962.583701)","(0.02998016642566707, 1727721940.749638)","(2497.0, 1000.0)","(2628.0, 375.935)",22,3.84900365
1727721996.818882,2588.475,2588.47,2588.48,500,500,"(1.0, 1727721985.867095)","(1.0, 1727721985.867095)","(0.09615680797957282, 1727721974.096048)","(2497.0, 1000.0)","(2720.0, 459.96500000000003)",9,3.90604969
1727722027.2940414,2588.475,2588.47,2588.48,500,500,"(0.06914678815943756, 1727722026.112967)","(0.06914678815943756, 1727722026.112967)","(-0.4654266059202812, 1727722015.791147)","(2497.0, 1000.0)","(2628.0, 375.935)",2,0.03652563
1727722057.8402214,2588.475,2588.47,2588.48,500,500,"(1.0, 1727722049.534173)","(1.0, 1727722049.534173)","(1.0, 1727722049.534173)","(2497.0, 1000.0)","(2720.0, 461.799)",1,0.02374607
1727722088.2705827,2588.475,2588.47,2588.48,500,500,"(1.0, 1727722080.393705)","(1.0, 1727722080.393705)","(0.3257791188343415, 1727722060.758883)","(2497.0, 1000.0)","(2628.0, 375.935)",7,2.8792488400000003
1727722118.835398,2588.505,2588.5,2588.51,500,500,0,0,0,"(2497.0, 1000.0)","(2628.0, 375.935)",0,0.0
1727722149.3720846,2587.495,2587.49,2587.5,500,500,0,0,0,"(2497.0, 1000.0)","(2628.0, 375.935)",0,0.0
1727722180.0760748,2587.495,2587.49,2587.5,500,500,"(1.0, 1727722178.214638)","(1.0, 1727722178.214638)","(1.0, 1727722178.214638)","(2497.0, 1000.0)","(2587.6000000000004, 518.4209999999999)",1,0.03580199
1727722210.655897,2587.495,2587.49,2587.5,500,500,"(1.0, 1727722183.211228)","(1.0, 1727722183.211228)","(1.0, 1727722183.211228)","(2497.0, 1000.0)","(2628.0, 375.935)",1,0.03564492
1727722241.0895884,2587.495,2587.49,2587.5,500,500,"(-1.0, 1727722230.800011)","(-0.3765145748987854, 1727722214.723158)","(-1.0, 1727722230.800011)","(2497.0, 1000.0)","(2587.6000000000004, 405.632)",3,0.0247
1727722271.6648445,2587.495,2587.49,2587.5,500,500,"(1.0, 1727722252.044361)","(1.0, 1727722252.044361)","(1.0, 1727722252.044361)","(2497.0, 1000.0)","(2587.6000000000004, 535.461)",1,0.01313259
1727722302.2463553,2587.495,2587.49,2587.5,500,500,"(0.29517604157931165, 1727722295.283432)","(0.6475880207896559, 1727722288.41171)","(0.2938217781994359, 1727722275.198738)","(2497.0, 1000.0)","(2628.0, 375.935)",16,2.1682340699999996
1727722332.7783716,2586.635,2586.63,2586.64,500,500,"(0.8420551577054138, 1727722328.325717)","(0.9210275788527069, 1727722309.784686)","(0.8420551577054138, 1727722328.325717)","(2497.0, 1000.0)","(2628.0, 375.935)",2,0.27143805
1727722363.4368944,2586.755,2586.75,2586.76,500,500,"(0.6972811440570615, 1727722346.579591)","(0.8486405720285307, 1727722343.386083)","(0.23144257661821735, 1727722335.292117)","(2497.0, 1000.0)","(2628.0, 375.935)",4,0.14426693
1727722394.1021183,2586.635,2586.63,2586.64,500,500,"(-0.5309122251300211, 1727722383.678546)","(-0.5309122251300211, 1727722383.678546)","(-0.7654561125650106, 1727722364.781653)","(2497.0, 1000.0)","(2628.0, 375.935)",2,0.13104605
1727722424.5977237,2587.7650000000003,2587.76,2587.77,500,500,"(-0.9840436004530513, 1727722419.453391)","(-0.013007986929990991, 1727722399.823698)","(-0.9840436004530513, 1727722419.453391)","(2497.0, 1000.0)","(2628.0, 375.935)",7,2.6906546099999997
1727722455.177345,2588.855,2588.85,2588.86,500,500,"(1.0, 1727722429.981675)","(1.0, 1727722429.981675)","(0.25696676794596995, 1727722429.981675)","(2497.0, 1000.0)","(2720.0, 459.96500000000003)",4,0.01725262
1727722485.8126423,2589.285,2589.28,2589.29,500,500,"(1.0, 1727722468.034949)","(1.0, 1727722468.034949)","(0.003187104470911992, 1727722457.36182)","(2497.0, 1000.0)","(2720.0, 459.96500000000003)",7,0.03279152
1727722516.3441944,2589.285,2589.28,2589.29,500,500,0,0,0,"(2497.0, 1000.0)","(2720.0, 459.96500000000003)",0,0.0
1727722546.8687804,2589.5950000000003,2589.59,2589.6,500,500,"(-1.0, 1727722523.687811)","(-0.5019920977176273, 1727722517.112597)","(-1.0, 1727722523.687811)","(2497.0, 1000.0)","(2720.0, 459.96500000000003)",2,1.2948411
1727722577.386581,2589.5950000000003,2589.59,2589.6,500,500,0,0,0,"(2497.0, 1000.027)","(2720.0, 459.96500000000003)",0,0.0
1727722607.8742552,2588.185,2588.18,2588.19,500,500,"(-0.9241118179446933, 1727722600.600986)","(-0.03859388889722001, 1727722593.887951)","(-0.9577295099307099, 1727722593.887951)","(2497.0, 1000.027)","(2628.0, 375.935)",10,0.55548043
1727722638.3751276,2588.895,2588.89,2588.9,500,500,"(0.1260983414249317, 1727722632.044906)","(0.1260983414249317, 1727722632.044906)","(-0.4369508292875342, 1727722609.964576)","(2497.0, 1000.027)","(2720.0, 459.96500000000003)",2,0.88802191
1727722668.827345,2588.895,2588.89,2588.9,500,500,"(-1.0, 1727722666.761054)","(-1.0, 1727722666.761054)","(-1.0, 1727722666.761054)","(2497.0, 1000.027)","(2720.0, 459.96500000000003)",1,0.4
1727722699.446348,2588.895,2588.89,2588.9,500,500,0,0,0,"(2497.0, 1000.027)","(2628.0, 375.935)",0,0.0
1727722730.1423488,2588.895,2588.89,2588.9,500,500,0,0,0,"(2497.0, 1000.027)","(2628.0, 375.935)",0,0.0
1727722760.6979153,2588.895,2588.89,2588.9,500,500,"(0.828935362393463, 1727722743.018752)","(0.828935362393463, 1727722743.018752)","(-0.08553231880326852, 1727722732.896895)","(2497.0, 1000.027)","(2628.0, 375.935)",3,0.11761636
1727722791.1971288,2588.895,2588.89,2588.9,500,500,"(0.9800803912638854, 1727722777.883154)","(0.9800803912638854, 1727722777.883154)","(-0.009959804368057342, 1727722768.95416)","(2497.0, 1000.027)","(2628.0, 375.935)",2,1.01006
1727722821.9013472,2588.895,2588.89,2588.9,500,500,"(-0.7884257091985112, 1727722815.31073)","(0.10578714540074448, 1727722808.981732)","(-0.7884257091985112, 1727722815.31073)","(2497.0, 1000.027)","(2589.0, 389.557)",7,0.10847385999999999
1727722852.3956556,2588.895,2588.89,2588.9,500,500,0,0,0,"(2497.0, 1000.027)","(2628.0, 375.935)",0,0.0
1727722883.047988,2588.895,2588.89,2588.9,500,500,"(-0.9902417659376309, 1727722879.847603)","(-0.8890134690236352, 1727722864.882394)","(-0.9951208829688155, 1727722864.882394)","(2497.0, 1000.0)","(2628.0, 375.935)",6,12.96324921
1727722913.6330578,2587.605,2587.54,2587.67,500,500,"(-1.0, 1727722908.254016)","(-0.0011558869960326423, 1727722885.449606)","(-1.0, 1727722908.254016)","(2497.0, 1000.0)","(2628.0, 375.935)",5,6.13654278
1727722944.1113715,2585.715,2585.71,2585.72,500,500,"(-1.0, 1727722940.223848)","(-1.0, 1727722940.223848)","(-1.0, 1727722940.223848)","(2497.0, 1000.0)","(2628.0, 375.935)",1,1.2755
1727722974.5901139,2586.795,2586.79,2586.8,500,500,"(-1.0, 1727722971.502862)","(-1.0, 1727722971.502862)","(-1.0, 1727722971.502862)","(2497.0, 1000.0)","(2628.0, 375.935)",1,0.65
1727723005.1599782,2588.895,2588.89,2588.9,500,500,"(1.0, 1727723003.306487)","(1.0, 1727723003.306487)","(1.0, 1727723003.306487)","(2497.0, 1000.0)","(2628.0, 355.0)",1,0.27038511
1727723035.6787665,2588.895,2588.89,2588.9,500,500,"(1.0, 1727723014.689776)","(1.0, 1727723014.689776)","(1.0, 1727723014.689776)","(2497.0, 1000.0)","(2628.0, 375.935)",1,0.09373978
1727723066.2413938,2588.865,2588.86,2588.87,500,500,"(-0.07499916786892692, 1727723062.448842)","(0.2998981671017764, 1727723046.727023)","(-0.23760141683268707, 1727723048.018827)","(2497.0, 1000.0)","(2628.0, 375.935)",6,1.38379642
1727723096.851386,2588.475,2588.47,2588.48,500,500,"(-0.9906165043573556, 1727723093.43478)","(-0.028884035742468544, 1727723074.923448)","(-0.9953082521786778, 1727723089.134203)","(2497.0, 1000.0)","(2720.0, 459.96500000000003)",4,0.6395484400000001
1727723127.3789172,2588.895,2588.89,2588.9,500,500,"(-0.9717041944412168, 1727723123.213159)","(0.014147902779391585, 1727723098.374778)","(-0.9717041944412168, 1727723123.213159)","(2497.0, 1000.0)","(2720.0, 459.96500000000003)",2,0.65932811
1727723157.907446,2588.7349999999997,2588.73,2588.74,500,500,"(1.0000000000000002, 1727723156.031077)","(1.0000000000000002, 1727723156.031077)","(0.17621233678470008, 1727723136.065864)","(2497.0, 1000.0)","(2628.0, 375.935)",8,0.17271129
1727723188.4019356,2588.895,2588.89,2588.9,500,500,"(-1.0, 1727723167.568149)","(-1.0, 1727723167.568149)","(-1.0, 1727723167.568149)","(2497.0, 1000.0)","(2720.0, 459.96500000000003)",1,0.07006463
1727723218.91756,2588.895,2588.89,2588.9,500,500,"(1.0, 1727723207.475151)","(1.0, 1727723207.475151)","(0.06379461125870711, 1727723207.475151)","(2497.0, 1000.0)","(2720.0, 459.96500000000003)",2,0.03862646
1727723249.7384,2588.895,2588.89,2588.9,500,500,"(-1.0, 1727723231.991749)","(-0.3713, 1727723231.991749)","(-1.0, 1727723231.991749)","(2497.0, 1000.0)","(2720.0, 459.96500000000003)",2,0.05
1727723280.4404032,2588.895,2588.89,2588.9,500,500,"(1.0, 1727723261.818924)","(1.0, 1727723261.818924)","(1.0, 1727723261.818924)","(2497.0, 1000.0)","(2720.0, 459.96500000000003)",1,0.02087961
1727723310.967255,2588.895,2588.89,2588.9,500,500,"(1.0, 1727723300.278297)","(1.0, 1727723300.278297)","(0.16164210965893075, 1727723285.23049)","(2497.0, 1000.0)","(2720.0, 459.96500000000003)",2,0.044731969999999996
1727723341.6925414,2588.895,2588.89,2588.9,500,500,"(1.0, 1727723328.16948)","(1.0, 1727723328.16948)","(0.25389492257274276, 1727723313.511887)","(2497.0, 1000.0)","(2720.0, 459.96500000000003)",2,1.21393684
1727723372.3050432,2588.895,2588.89,2588.9,500,500,0,0,0,"(2497.0, 1000.0)","(2720.0, 459.96500000000003)",0,0.0
1727723402.7259011,2588.895,2588.89,2588.9,500,500,"(1.0, 1727723394.238999)","(1.0, 1727723394.238999)","(0.7696541625988231, 1727723385.097699)","(2497.0, 1000.0)","(2720.0, 459.96500000000003)",2,0.05209558
1727723433.190327,2588.895,2588.89,2588.9,500,500,"(1.0, 1727723423.001728)","(1.0, 1727723423.001728)","(1.0, 1727723423.001728)","(2497.0, 1000.0)","(2720.0, 459.96500000000003)",1,0.39695234
1727723463.6565752,2588.895,2588.89,2588.9,500,500,0,0,0,"(2497.0, 1000.0)","(2720.0, 461.807)",0,0.0
1727723494.2790797,2588.185,2588.18,2588.19,500,500,0,0,0,"(2497.0, 1000.0)","(2628.0, 375.935)",0,0.0
1727723524.8875241,2585.675,2585.67,2585.68,500,500,"(-1.0, 1727723512.564851)","(-0.7862661443486199, 1727723497.714869)","(-1.0, 1727723512.564851)","(2497.0, 1000.0)","(2628.0, 375.935)",2,0.19650607
1727723555.3914254,2585.395,2585.39,2585.4,500,500,0,0,0,"(2497.0, 1000.0)","(2628.0, 375.935)",0,0.0
1727723585.921786,2585.395,2585.39,2585.4,500,500,"(-1.0, 1727723579.92599)","(-0.08418548471118599, 1727723564.753885)","(-1.0, 1727723579.92599)","(2497.0, 1000.0)","(2628.0, 375.935)",2,0.80403457
1727723616.4157252,2585.395,2585.39,2585.4,500,500,"(0.5904466059056583, 1727723591.964557)","(0.5904466059056583, 1727723591.964557)","(-0.20477669704717086, 1727723586.640932)","(2497.0, 1000.0)","(2628.0, 375.935)",3,0.33055519
1727723646.9364874,2585.2349999999997,2585.23,2585.24,500,500,"(-1.0, 1727723628.34026)","(-1.0, 1727723628.34026)","(-1.0, 1727723628.34026)","(2497.0, 1000.0)","(2628.0, 375.935)",1,0.65
1727723677.461301,2585.2349999999997,2585.23,2585.24,500,500,"(1.0, 1727723650.298402)","(1.0, 1727723650.298402)","(1.0, 1727723650.298402)","(2497.0, 1000.0)","(2585.2000000000003, 433.937)",1,0.06391211
1727723708.0576618,2583.745,2583.73,2583.76,500,500,"(1.0, 1727723707.365637)","(1.0, 1727723707.365637)","(0.021779301361529602, 1727723700.037105)","(2497.0, 1000.0)","(2628.0, 375.935)",3,0.8754330400000001
1727723738.6689868,2583.665,2583.66,2583.67,500,500,"(-0.5735677725206054, 1727723726.700451)","(0.2128455402059446, 1727723711.300181)","(-0.5739383460543582, 1727723717.590611)","(2497.0, 1000.0)","(2628.0, 375.935)",5,9.533870279999999
1727723769.2378173,2583.665,2583.66,2583.67,500,500,"(1.0, 1727723765.388905)","(1.0, 1727723765.388905)","(0.008231431179071502, 1727723755.729968)","(2497.0, 1000.0)","(2628.0, 375.935)",3,1.00829975
1727723799.7087414,2583.995,2583.99,2584.0,500,500,"(1.0, 1727723799.058469)","(1.0, 1727723799.058469)","(0.08603046133757052, 1727723778.063945)","(2497.0, 1000.0)","(2628.0, 375.935)",2,0.01027729
1727723830.335434,2586.6499999999996,2586.64,2586.66,500,500,"(-0.01865768689841007, 1727723823.452418)","(-0.01865768689841007, 1727723823.452418)","(-0.509328843449205, 1727723816.044366)","(2497.0, 1000.0)","(2628.0, 375.935)",4,2.74871533
1727723860.8630936,2586.6549999999997,2586.65,2586.66,500,500,0,0,0,"(2497.0, 1000.0)","(2628.0, 375.935)",0,0.0
1727723891.466045,2587.2349999999997,2587.16,2587.31,500,500,"(-1.0, 1727723880.790769)","(-1.0, 1727723880.790769)","(-1.0, 1727723880.790769)","(2497.0, 1000.0)","(2628.0, 375.935)",1,0.65
1727723922.0193229,2587.795,2587.79,2587.8,500,500,"(1.0, 1727723905.053056)","(1.0, 1727723905.053056)","(0.3967534675944224, 1727723895.836274)","(2497.0, 1000.0)","(2628.0, 375.935)",2,0.0108793
1727723952.4966905,2587.635,2587.62,2587.65,500,500,"(-0.548582247341391, 1727723931.492854)","(0.22570887632930448, 1727723930.118998)","(-0.548582247341391, 1727723931.492854)","(2497.0, 1000.0)","(2628.0, 375.935)",12,0.83947753
1727723983.1024275,2588.2349999999997,2588.22,2588.25,500,500,"(-0.8714337434054106, 1727723981.875909)","(0.06428312829729467, 1727723962.313349)","(-0.8714337434054106, 1727723981.875909)","(2497.0, 1000.0)","(2628.0, 375.935)",3,0.71683008
1727724013.7272928,2588.835,2588.83,2588.84,500,500,"(-0.7642585551330798, 1727723996.288896)","(-0.7642585551330798, 1727723996.288896)","(-0.8821292775665399, 1727723993.712235)","(2497.0, 1000.0)","(2628.0, 375.935)",2,1.315
1727724044.2876806,2588.885,2588.88,2588.89,500,500,"(-0.7912976228608722, 1727724035.842232)","(-0.7912976228608722, 1727724035.842232)","(-0.8956488114304361, 1727724028.197708)","(2497.0, 1000.0)","(2720.0, 461.799)",2,3.80415092
1727724074.764133,2588.875,2588.87,2588.88,500,500,"(0.024936060201689945, 1727724067.334867)","(0.024936060201689945, 1727724067.334867)","(-0.487531969899155, 1727724052.633795)","(2497.0, 1000.0)","(2628.0, 375.935)",5,0.7915179800000001
1727724105.3193767,2588.895,2588.89,2588.9,500,500,"(-1.0, 1727724082.957692)","(-1.0, 1727724082.957692)","(-1.0, 1727724082.957692)","(2497.0, 1000.0)","(2628.0, 375.935)",1,0.65
1727724135.9085896,2588.5699999999997,2588.52,2588.62,500,500,"(-0.9180502115227981, 1727724133.532062)","(-0.1295065649619701, 1727724116.38517)","(-0.9180502115227981, 1727724133.532062)","(2497.0, 1000.0)","(2628.0, 375.935)",12,1.18881039
1727724166.377692,2588.62,2588.57,2588.67,500,500,"(-0.04761904761904766, 1727724159.960569)","(0.47619047619047616, 1727724143.609083)","(-0.04761904761904766, 1727724159.960569)","(2497.0, 1000.0)","(2628.0, 375.935)",3,2.1
1727724196.9197407,2588.27,2588.21,2588.33,500,500,"(-1.0, 1727724185.097804)","(-0.6426579499357342, 1727724185.097804)","(-1.0, 1727724185.097804)","(2497.0, 1000.0)","(2628.0, 375.935)",2,1.98019802
1727724227.8020358,2587.36,2587.3,2587.42,500,500,"(-0.7402556783642653, 1727724217.312005)","(0.12987216081786737, 1727724213.717728)","(-0.7402556783642653, 1727724217.312005)","(2497.0, 1000.0)","(2628.0, 375.935)",3,0.16664218
1727724258.366063,2586.625,2586.62,2586.63,500,500,0,0,0,"(2497.0, 1000.0)","(2628.0, 375.935)",0,0.0
1727724288.9779708,2587.8900000000003,2587.86,2587.92,500,500,"(-1.0, 1727724284.832299)","(-0.348156737478248, 1727724261.920589)","(-1.0, 1727724284.832299)","(2497.0, 1000.0)","(2628.0, 375.935)",4,6.1676521200000005
1727736707.4651954,2605.995,2605.99,2606.0,500,500,"(1.0, 1727736690.47377)","(1.0, 1727736690.47377)","(1.0, 1727736690.47377)","(2568.0, 1000.025)","(2648.6000000000004, 380.052)",1,0.04319678
1727736738.0652456,2605.995,2605.99,2606.0,500,500,0,0,0,"(2568.0, 1000.025)","(2648.6000000000004, 380.052)",0,0.0
1727736768.5100563,2605.995,2605.99,2606.0,500,500,0,0,0,"(2568.0, 1000.025)","(2648.6000000000004, 380.052)",0,0.0
1727736799.2801607,2605.7650000000003,2605.76,2605.77,500,500,"(-0.9293993737613173, 1727736789.975194)","(-0.07471406134953325, 1727736787.486985)","(-0.9646996868806587, 1727736787.486985)","(2568.0, 1000.025)","(2648.6000000000004, 380.052)",13,2.7055051800000003
1727736829.791328,2605.7650000000003,2605.76,2605.77,500,500,0,0,0,"(2568.0, 1000.025)","(2648.6000000000004, 380.052)",0,0.0
1727736860.3724535,2605.605,2605.6,2605.61,500,500,"(-1.0, 1727736855.071682)","(-0.6126481792836316, 1727736855.071682)","(-1.0, 1727736855.071682)","(2568.0, 1000.025)","(2648.6000000000004, 380.052)",2,1.87948
1727736890.8377004,2605.645,2605.64,2605.65,500,500,"(-0.6026284681458831, 1727736872.462369)","(-0.6026284681458831, 1727736872.462369)","(-0.8013142340729416, 1727736866.838839)","(2568.0, 1000.025)","(2648.6000000000004, 380.052)",6,0.81291455
1727736921.4932823,2605.4049999999997,2605.4,2605.41,500,500,"(-1.0, 1727736901.230136)","(-0.4260601900680559, 1727736896.945987)","(-1.0, 1727736901.230136)","(2568.0, 1000.025)","(2648.6000000000004, 380.052)",3,1.80146
1727736951.9449277,2605.535,2605.53,2605.54,500,500,0,0,0,"(2568.0, 1000.025)","(2648.6000000000004, 380.052)",0,0.0
1727736982.3864722,2605.535,2605.53,2605.54,500,500,0,0,0,"(2568.0, 1000.025)","(2605.6000000000004, 452.97)",0,0.0
1727737012.9656312,2605.535,2605.53,2605.54,500,500,0,0,0,"(2568.0, 1000.025)","(2605.6000000000004, 483.54)",0,0.0
1727737043.477379,2603.4849999999997,2603.48,2603.49,500,500,"(-1.0, 1727737027.749463)","(-0.5323600769990671, 1727737025.27221)","(-1.0, 1727737027.749463)","(2568.0, 1000.025)","(2648.6000000000004, 380.052)",5,2.1414077600000003
1727737073.9935925,2602.705,2602.7,2602.71,500,500,"(0.921431147638577, 1727737064.440726)","(0.921431147638577, 1727737064.440726)","(-0.039284426180711526, 1727737047.141759)","(2568.0, 1000.025)","(2648.6000000000004, 380.052)",2,0.09776266
1727737104.7000473,2602.925,2602.92,2602.93,500,500,"(-0.9992143771687171, 1727737093.261493)","(0.0003928114156415474, 1727737076.260704)","(-0.9992143771687171, 1727737093.261493)","(2568.0, 1000.025)","(2648.6000000000004, 380.052)",3,1.15169769
1727737135.567105,2602.705,2602.7,2602.71,500,500,0,0,0,"(2568.0, 1000.025)","(2602.8, 544.53)",0,0.0
1727737166.0728707,2602.705,2602.7,2602.71,500,500,"(1.0, 1727737147.3901)","(1.0, 1727737147.3901)","(1.0, 1727737147.3901)","(2568.0, 1000.025)","(2602.8, 559.416)",1,0.09076535
1727737196.8399057,2602.705,2602.7,2602.71,500,500,"(0.94468731252762, 1727737172.460237)","(0.97234365626381, 1727737169.061056)","(0.94468731252762, 1727737172.460237)","(2568.0, 1000.025)","(2602.8, 561.934)",2,0.19367853
1727737227.3167508,2600.875,2600.87,2600.88,500,500,"(-1.0, 1727737208.592228)","(-0.004344766711192657, 1727737208.592227)","(-1.0, 1727737208.592228)","(2568.0, 1000.025)","(2648.6000000000004, 380.052)",16,0.47879900999999997
1727737257.8409975,2598.885,2598.88,2598.89,500,500,"(-0.9998739517992304, 1727737255.639004)","(-0.031941438572972464, 1727737243.405943)","(-0.9999369758996153, 1727737255.117279)","(2568.0, 1000.025)","(2599.0, 565.885)",14,24.082533359999996
1727737288.3009436,2595.645,2595.64,2595.65,500,500,"(-0.9510530346544831, 1727737286.210866)","(-0.13893988278413108, 1727737274.433017)","(-0.9755265173272416, 1727737281.317561)","(2568.0, 1000.025)","(2635.6000000000004, 406.158)",3,1.36974457
1727737318.822766,2594.375,2594.37,2594.38,500,500,"(-1.0, 1727737297.981312)","(-0.7397379889634091, 1727737297.860521)","(-1.0, 1727737297.981312)","(2568.0, 1000.025)","(2594.4, 434.43499999999995)",3,5.241009760000001
1727737349.3859985,2591.205,2591.2,2591.21,500,500,"(0.9438005978909924, 1727737327.560322)","(0.9719002989454962, 1727737322.080102)","(0.9438005978909924, 1727737327.560322)","(2568.0, 1000.025)","(2648.6000000000004, 380.052)",3,0.37598158
1727737379.9271708,2590.185,2590.18,2590.19,500,500,"(-1.0, 1727737366.293543)","(-0.4664287879847945, 1727737366.288661)","(-1.0, 1727737366.293543)","(2568.0, 1003.02)","(2648.6000000000004, 380.052)",3,2.14395
1727737410.5585108,2590.005,2590.0,2590.01,500,500,"(-1.0, 1727737405.982592)","(-0.10124818734263519, 1727737387.825632)","(-1.0, 1727737405.982592)","(2568.0, 1000.025)","(2636.6000000000004, 380.052)",2,1.1439420599999999
1727737441.0132415,2594.8450000000003,2594.84,2594.85,500,500,"(1.0, 1727737430.162567)","(1.0, 1727737430.162567)","(0.16105373384635074, 1727737415.426647)","(2568.0, 1000.025)","(2636.6000000000004, 380.052)",11,4.03592009
1727737471.5062475,2597.95,2597.91,2597.99,500,500,"(-0.06933408584266354, 1727737467.274133)","(0.4653329570786682, 1727737455.135899)","(-0.06933408584266354, 1727737467.274133)","(2568.0, 1000.025)","(2720.0, 459.96500000000003)",5,0.04947004000000001
1727737502.0297608,2598.135,2598.13,2598.14,500,500,"(1.0, 1727737485.110584)","(1.0, 1727737485.110584)","(0.031231284255199675, 1727737477.713528)","(2568.0, 1000.025)","(2720.0, 459.96500000000003)",4,0.28600585
1727737532.4848232,2598.135,2598.13,2598.14,500,500,"(-1.0, 1727737507.355329)","(-1.0, 1727737507.355329)","(-1.0, 1727737507.355329)","(2568.0, 1000.025)","(2598.2000000000003, 435.181)",1,0.65
1727737563.1194265,2596.1949999999997,2596.19,2596.2,500,500,"(-0.9947301958493507, 1727737559.945805)","(-0.0016346782144649893, 1727737541.893544)","(-0.9973650979246753, 1727737547.919925)","(2568.0, 1000.025)","(2636.6000000000004, 380.052)",6,2.35454291
1727737593.6530433,2598.675,2598.67,2598.68,500,500,"(-0.20750740686097766, 1727737593.460755)","(0.34803675375730125, 1727737573.702832)","(-0.25571694967318753, 1727737576.484793)","(2568.0, 1000.025)","(2720.0, 459.96500000000003)",7,1.88543771
1727737624.2641654,2599.795,2599.79,2599.8,500,500,"(1.0, 1727737620.552695)","(1.0, 1727737620.552695)","(0.05555622193732678, 1727737603.46348)","(2568.0, 1000.025)","(2720.0, 459.96500000000003)",14,5.19055148
1727737654.75977,2601.815,2601.81,2601.82,500,500,"(0.5580188830967765, 1727737629.411333)","(0.7790094415483882, 1727737625.367631)","(0.01804560162798627, 1727737625.367631)","(2568.0, 1000.025)","(2720.0, 459.96500000000003)",10,0.11658574999999999
1727737685.315232,2604.215,2604.21,2604.22,500,500,"(0.7732687272222166, 1727737681.138033)","(0.7732687272222166, 1727737681.138033)","(-0.112842703381357, 1727737658.642566)","(2568.0, 1000.025)","(2720.0, 459.96500000000003)",13,5.73365987
1727737715.9092393,2605.475,2605.47,2605.48,500,500,"(1.0, 1727737702.251579)","(1.0, 1727737702.251579)","(0.12810866095268084, 1727737696.604233)","(2568.0, 1000.025)","(2720.0, 459.96500000000003)",3,0.04795835
1727737746.4893537,2607.045,2607.04,2607.05,500,500,"(1.0, 1727737742.416682)","(1.0, 1727737742.416682)","(0.0007909483137177112, 1727737736.525896)","(2568.0, 1355.025)","(2720.0, 459.96500000000003)",7,6.54539609
1727737777.071554,2606.865,2606.86,2606.87,500,500,"(-1.0, 1727737776.43642)","(-0.9634873041336726, 1727737756.249025)","(-1.0, 1727737776.43642)","(2568.0, 1355.025)","(2720.0, 459.96500000000003)",2,0.14926315
1727737807.578819,2607.505,2607.5,2607.51,500,500,"(-1.0, 1727737807.311794)","(-0.7321885734910164, 1727737807.311794)","(-1.0, 1727737807.311794)","(2568.0, 1355.025)","(2720.0, 459.96500000000003)",2,0.99582226
1727737838.1065066,2606.975,2606.97,2606.98,500,500,"(0.2660652034645736, 1727737831.966226)","(0.2660652034645736, 1727737831.966226)","(-0.36696739826771324, 1727737828.987394)","(2568.0, 1000.025)","(2720.0, 459.96500000000003)",2,0.08582182
1727737868.6059618,2606.9849999999997,2606.98,2606.99,500,500,0,0,0,"(2568.0, 1355.025)","(2720.0, 459.96500000000003)",0,0.0
1727737899.090174,2606.9849999999997,2606.98,2606.99,500,500,"(1.0, 1727737897.98789)","(1.0, 1727737897.98789)","(0.16689013333333336, 1727737889.651251)","(2568.0, 1355.025)","(2720.0, 459.96500000000003)",3,1.65
1727737929.7720163,2607.885,2607.88,2607.89,500,500,"(-0.8489829663122224, 1727737929.616429)","(-0.2781995818748298, 1727737915.991686)","(-0.8489829663122224, 1727737929.616429)","(2568.0, 1355.025)","(2720.0, 459.96500000000003)",9,0.95350873
1727737960.2978048,2607.885,2607.88,2607.89,500,500,"(1.0, 1727737947.591645)","(1.0, 1727737947.591645)","(1.0, 1727737947.591645)","(2568.0, 1355.025)","(2720.0, 459.96500000000003)",1,0.01305917
1727737990.8843215,2606.565,2606.56,2606.57,500,500,"(-1.0, 1727737961.052557)","(-1.0, 1727737961.052557)","(-1.0, 1727737961.052557)","(2568.0, 1000.025)","(2720.0, 459.96500000000003)",1,0.65
1727738021.3565664,2606.8050000000003,2606.8,2606.81,500,500,"(-1.0, 1727738010.807462)","(-0.026157878636363638, 1727737994.208851)","(-1.0, 1727738010.807462)","(2568.0, 1355.025)","(2720.0, 459.96500000000003)",6,22.0
1727738051.8260548,2606.8050000000003,2606.8,2606.81,500,500,"(-1.0, 1727738033.006932)","(-1.0, 1727738033.006932)","(-1.0, 1727738033.006932)","(2568.0, 1355.025)","(2720.0, 459.96500000000003)",1,2.0
1727738082.2694077,2607.225,2607.22,2607.23,500,500,"(-1.0, 1727738061.916839)","(-1.0, 1727738061.916839)","(-1.0, 1727738061.916839)","(2568.0, 1355.025)","(2720.0, 459.96500000000003)",1,0.65
1727738112.715062,2607.145,2607.14,2607.15,500,500,0,0,0,"(2568.0, 1355.025)","(2720.0, 459.96500000000003)",0,0.0
1727738143.24757,2605.215,2605.21,2605.22,500,500,"(-1.0, 1727738125.68945)","(-1.0, 1727738125.68945)","(-1.0, 1727738125.68945)","(2568.0, 1000.025)","(2720.0, 459.96500000000003)",1,20.0
1727738173.6937585,2604.375,2604.37,2604.38,500,500,"(-1.0, 1727738162.853193)","(-1.0, 1727738162.853193)","(-1.0, 1727738162.853193)","(2568.0, 1000.025)","(2720.0, 459.96500000000003)",1,0.65
1727738204.1248462,2603.835,2603.83,2603.84,500,500,0,0,0,"(2568.0, 1000.025)","(2720.0, 459.96500000000003)",0,0.0
1727738234.6889296,2606.895,2606.89,2606.9,500,500,"(-0.9440214245516837, 1727738216.479493)","(-0.9440214245516837, 1727738216.479493)","(-0.9720107122758418, 1727738213.690081)","(2568.0, 1355.025)","(2720.0, 459.96500000000003)",3,0.66871691
1727738265.211985,2606.755,2606.75,2606.76,500,500,"(1.0, 1727738242.407024)","(1.0, 1727738242.407024)","(0.29852326151129227, 1727738237.514046)","(2568.0, 1000.025)","(2720.0, 459.96500000000003)",7,0.51413233
1727738295.6942716,2606.755,2606.75,2606.76,500,500,0,0,0,"(2568.0, 1355.025)","(2720.0, 459.96500000000003)",0,0.0
1727738326.1560144,2607.0299999999997,2606.95,2607.11,500,500,"(-1.0, 1727738314.519304)","(-1.0, 1727738314.519304)","(-1.0, 1727738314.519304)","(2568.0, 1000.025)","(2720.0, 459.96500000000003)",1,0.65
1727738356.6109922,2608.415,2608.41,2608.42,500,500,0,0,0,"(2568.0, 1355.025)","(2720.0, 459.96500000000003)",0,0.0
1727738387.0638251,2606.755,2606.75,2606.76,500,500,0,0,0,"(2568.0, 1000.025)","(2720.0, 459.96500000000003)",0,0.0
1727738417.5356884,2606.725,2606.72,2606.73,500,500,0,0,0,"(2568.0, 1000.025)","(2720.0, 459.96500000000003)",0,0.0
1727738448.0511613,2606.7349999999997,2606.73,2606.74,500,500,0,0,0,"(2568.0, 1000.025)","(2606.8, 477.921)",0,0.0
1727738478.5747993,2606.7349999999997,2606.73,2606.74,500,500,"(-0.6491945363445281, 1727738477.12805)","(0.17540273182773602, 1727738456.663907)","(-0.6491945363445281, 1727738477.12805)","(2568.0, 1000.025)","(2606.8, 651.7280000000001)",5,1.3720879799999999
1727738509.0989013,2604.125,2604.12,2604.13,500,500,0,0,0,"(2568.0, 1000.025)","(2720.0, 459.96500000000003)",0,0.0
1727738539.608524,2602.8450000000003,2602.84,2602.85,500,500,"(-1.0, 1727738530.110102)","(-0.11489986035247743, 1727738511.834205)","(-1.0, 1727738530.110102)","(2568.0, 1000.025)","(2720.0, 459.96500000000003)",2,1.1314199999999999
1727738570.1896381,2601.925,2601.92,2601.93,500,500,"(-0.9933880544932799, 1727738566.755207)","(-0.9933880544932799, 1727738566.755207)","(-0.99669402724664, 1727738566.472512)","(2568.0, 1000.025)","(2720.0, 459.96500000000003)",2,0.65215601
1727738600.8799155,2599.505,2599.42,2599.59,500,500,"(-0.9813653775064743, 1727738580.497427)","(0.00931731124676287, 1727738579.879258)","(-0.9813653775064743, 1727738580.497427)","(2568.0, 1000.025)","(2720.0, 459.96500000000003)",4,2.01880988
1727738631.5111814,2598.6549999999997,2598.62,2598.69,500,500,"(0.18842829620301021, 1727738617.157304)","(0.29186390551046976, 1727738616.890995)","(-0.30235024259103543, 1727738605.200621)","(2568.0, 1000.025)","(2720.0, 459.96500000000003)",5,6.2841027799999996
1727738661.9996505,2598.9049999999997,2598.9,2598.91,500,500,0,0,0,"(2568.0, 1000.025)","(2720.0, 459.96500000000003)",0,0.0
1727738692.5127711,2599.635,2599.63,2599.64,500,500,0,0,0,"(2568.0, 1000.025)","(2720.0, 459.96500000000003)",0,0.0
1727738723.0631137,2602.0550000000003,2602.05,2602.06,500,500,"(1.0, 1727738702.932282)","(1.0, 1727738702.932282)","(0.3045689384615385, 1727738698.209007)","(2568.0, 1000.025)","(2720.0, 459.96500000000003)",3,0.6499999999999999
1727738753.4988725,2602.0550000000003,2602.05,2602.06,500,500,"(0.4224823045993278, 1727738753.324216)","(0.4224823045993278, 1727738753.324216)","(-0.2887588477003361, 1727738745.435826)","(2568.0, 1000.025)","(2720.0, 459.96500000000003)",4,1.62253037
1727738784.0640767,2602.0550000000003,2602.05,2602.06,500,500,"(-1.0, 1727738782.695574)","(-1.0, 1727738782.695574)","(-1.0, 1727738782.695574)","(2568.0, 1000.025)","(2720.0, 459.96500000000003)",1,0.00268646
1727738814.5614412,2602.0550000000003,2602.05,2602.06,500,500,"(-0.645183896186807, 1727738809.144397)","(-0.645183896186807, 1727738809.144397)","(-0.8225919480934035, 1727738808.49522)","(2568.0, 1000.025)","(2720.0, 459.96500000000003)",2,0.63269338
1727738845.093017,2602.585,2602.58,2602.59,500,500,"(-1.0, 1727738818.730349)","(-0.004121405261303222, 1727738816.334984)","(-1.0, 1727738818.730349)","(2568.0, 1000.025)","(2720.0, 459.96500000000003)",2,0.65269
1727738875.654251,2601.785,2601.78,2601.79,500,500,"(-1.0, 1727738871.50231)","(-1.0, 1727738871.50231)","(-1.0, 1727738871.50231)","(2568.0, 1000.0269999999999)","(2720.0, 459.96500000000003)",1,0.0065
1727738906.1585896,2599.425,2599.42,2599.43,500,500,"(0.8330365236457529, 1727738905.573618)","(0.8330365236457529, 1727738905.573618)","(-0.08348173817712358, 1727738893.144919)","(2568.0, 1000.0269999999999)","(2720.0, 459.96500000000003)",3,0.07786134
1727738936.7022326,2599.575,2599.57,2599.58,500,500,"(1.0, 1727738936.292449)","(1.0, 1727738936.292449)","(0.005115523243738523, 1727738918.937771)","(2568.0, 1000.0269999999999)","(2720.0, 459.96500000000003)",5,1.6004052000000002
1727738967.3487573,2599.575,2599.57,2599.58,500,500,0,0,0,"(2568.0, 1000.0269999999999)","(2720.0, 459.96500000000003)",0,0.0
1727738997.9060705,2600.495,2600.49,2600.5,500,500,"(-0.8300762802445203, 1727738987.52979)","(-0.5774512534752128, 1727738970.487408)","(-0.9150381401222603, 1727738971.537517)","(2568.0, 1000.0269999999999)","(2720.0, 459.96500000000003)",4,1.12563614
1727739028.367706,2600.325,2600.32,2600.33,500,500,0,0,0,"(2568.0, 1000.0269999999999)","(2720.0, 459.96500000000003)",0,0.0
1727739058.8918602,2600.325,2600.32,2600.33,500,500,"(-0.08641091505524924, 1727739056.768108)","(-0.08641091505524924, 1727739056.768108)","(-0.5432054575276246, 1727739039.610922)","(2568.0, 1000.0269999999999)","(2600.4, 518.0559999999999)",3,0.27322995
1727739089.3412611,2598.2799999999997,2598.09,2598.47,500,500,"(-0.09737498764325596, 1727739068.21356)","(-0.09737498764325596, 1727739068.21356)","(-0.548687493821628, 1727739066.412688)","(2568.0, 1000.0269999999999)","(2720.0, 459.96500000000003)",3,0.27050006
1727739119.9147449,2597.775,2597.77,2597.78,500,500,0,0,0,"(2568.0, 1000.0269999999999)","(2720.0, 459.96500000000003)",0,0.0
1727739150.6069834,2595.065,2595.06,2595.07,500,500,"(-1.0, 1727739136.876306)","(-1.0, 1727739136.876306)","(-1.0, 1727739136.876306)","(2568.0, 1000.0269999999999)","(2636.6000000000004, 380.052)",1,1.12
1727739181.1287458,2595.165,2595.16,2595.17,500,500,"(-1.0, 1727739151.744427)","(-1.0, 1727739151.744427)","(-1.0, 1727739151.744427)","(2568.0, 1000.0269999999999)","(2636.6000000000004, 380.052)",1,1.12
1727739211.6363497,2592.505,2592.5,2592.51,500,500,"(0.7806874015167343, 1727739210.547978)","(0.8142159857647057, 1727739204.67229)","(-0.036784606610089525, 1727739185.760758)","(2568.0, 1000.0269999999999)","(2636.6000000000004, 380.052)",26,5.59584916
1727739242.1265054,2590.005,2590.0,2590.01,500,500,"(-1.0, 1727739237.268148)","(-0.9999822588085017, 1727739235.863041)","(-1.0, 1727739237.268148)","(2568.0, 1003.0319999999999)","(2636.6000000000004, 380.052)",2,1.1273199999999999
1727739272.623862,2591.105,2591.1,2591.11,500,500,"(-0.9938201621402051, 1727739260.976762)","(-0.002091645279298539, 1727739256.973356)","(-0.9938201621402051, 1727739260.976762)","(2568.0, 1000.0269999999999)","(2636.6000000000004, 380.052)",4,1.1367223800000001
1727739303.261857,2589.855,2589.85,2589.86,500,500,"(0.6977156844350149, 1727739302.320138)","(0.6977156844350149, 1727739302.320138)","(0.2636080411862411, 1727739300.322881)","(2568.0, 1000.0269999999999)","(2636.6000000000004, 380.052)",12,0.44465529
1727739333.7510192,2589.895,2589.89,2589.9,500,500,"(-1.0, 1727739332.135849)","(-1.0, 1727739332.135849)","(-1.0, 1727739332.135849)","(2568.0, 1000.0269999999999)","(2590.0, 582.232)",1,1.1241
1727739364.232727,2589.895,2589.89,2589.9,500,500,"(1.0, 1727739362.102496)","(1.0, 1727739362.102496)","(0.3018447410112511, 1727739355.900399)","(2568.0, 1000.0269999999999)","(2636.6000000000004, 380.052)",2,0.931025
1727739394.7951362,2592.6499999999996,2592.49,2592.81,500,500,"(-0.18604206068524906, 1727739375.838362)","(-0.18604206068524906, 1727739375.838362)","(-0.5930210303426244, 1727739368.059184)","(2568.0, 1000.0269999999999)","(2636.6000000000004, 380.052)",5,1.8955482900000002
1727739425.2941077,2592.6549999999997,2592.61,2592.7,500,500,"(0.22709170160154069, 1727739424.819435)","(0.5774819155548826, 1727739404.506186)","(-0.0360639352458878, 1727739400.662802)","(2568.0, 1000.0269999999999)","(2636.6000000000004, 380.052)",6,0.41398699
1727739455.7925029,2592.715,2592.71,2592.72,500,500,0,0,0,"(2568.0, 1000.0269999999999)","(2636.6000000000004, 380.052)",0,0.0
1727739486.3394332,2590.245,2590.21,2590.28,500,500,"(-1.0, 1727739475.279857)","(-0.16012824660511496, 1727739475.279857)","(-1.0, 1727739475.279857)","(2568.0, 1000.0269999999999)","(2636.6000000000004, 380.052)",6,0.2169882
1727739516.849845,2590.005,2590.0,2590.01,500,500,"(-1.0, 1727739514.522082)","(-0.00927647460940725, 1727739495.538414)","(-1.0, 1727739514.522082)","(2568.0, 1000.0269999999999)","(2636.6000000000004, 380.052)",6,9.08427
1727739547.3933225,2588.4849999999997,2588.48,2588.49,500,500,"(0.18794995692886565, 1727739539.111523)","(0.5939749784644328, 1727739538.349248)","(0.18794995692886565, 1727739539.111523)","(2568.0, 1040.027)","(2636.6000000000004, 380.052)",2,0.12314512
1727739577.9263842,2587.425,2587.42,2587.43,500,500,"(0.7757297220594295, 1727739575.304346)","(0.7757297220594295, 1727739575.304346)","(-0.014869697524611059, 1727739574.577969)","(2568.0, 1003.018)","(2636.6000000000004, 380.052)",8,10.281143900000002
1727739608.5044813,2586.9750000000004,2586.94,2587.01,500,500,"(-1.0, 1727739602.82303)","(-0.0017801354683091384, 1727739583.773087)","(-1.0, 1727739602.82303)","(2568.0, 1000.3199999999999)","(2636.6000000000004, 380.052)",2,1.12351
1727739639.0034735,2586.865,2586.86,2586.87,500,500,0,0,0,"(2568.0, 1003.035)","(2587.0, 396.799)",0,0.0
1727739669.6267676,2586.335,2586.33,2586.34,500,500,"(-1.0, 1727739665.338428)","(-0.06205429391803707, 1727739641.443402)","(-1.0, 1727739665.338428)","(2568.0, 1000.0269999999999)","(2636.6000000000004, 380.052)",9,0.11492999999999999
1727739700.1020339,2584.815,2584.73,2584.9,500,500,"(-1.0, 1727739688.572823)","(-0.0021830854935800744, 1727739679.421309)","(-1.0, 1727739688.572823)","(2568.0, 1000.0269999999999)","(2636.6000000000004, 380.052)",4,2.03079541
1727739730.573229,2580.8050000000003,2580.8,2580.81,500,500,"(-1.0, 1727739730.464243)","(-0.1649425931750089, 1727739700.451525)","(-1.0, 1727739730.464243)","(2568.0, 1000.0269999999999)","(2619.6000000000004, 406.158)",15,0.6365244899999999
1727739761.1904163,2580.635,2580.63,2580.64,500,500,"(-0.6841430445459457, 1727739754.623576)","(0.1563222323024878, 1727739744.690714)","(-0.6841430445459457, 1727739754.623576)","(2568.0, 1003.021)","(2619.6000000000004, 406.158)",7,1.32971585
1727739791.694584,2578.135,2578.13,2578.14,500,500,"(-0.9999999999999997, 1727739782.835352)","(-0.0002071870683985882, 1727739781.59862)","(-0.9999999999999997, 1727739782.835352)","(2568.0, 1076.417)","(2578.2000000000003, 541.013)",18,77.32142804000001
1727739822.2225842,2579.625,2579.62,2579.63,500,500,"(-0.712089147934064, 1727739812.234892)","(0.021903193052253203, 1727739803.871878)","(-0.8341413809147787, 1727739806.3332)","(2568.0, 1076.417)","(2624.8, 380.067)",15,1.1681634700000003
1727739852.6687622,2587.625,2587.62,2587.63,500,500,"(0.3838132314472841, 1727739835.518947)","(0.3838132314472841, 1727739835.518947)","(-0.30697910997952754, 1727739833.433079)","(2568.0, 1003.009)","(2664.0, 376.074)",14,14.47613038
1727739883.3688498,2584.645,2584.64,2584.65,500,500,0,0,0,"(2568.0, 1002.964)","(2624.8, 380.067)",0,0.0
1727739913.953226,2587.565,2587.56,2587.57,500,500,"(0.9639171977010192, 1727739907.42754)","(0.9639171977010192, 1727739907.42754)","(-0.018041401149490422, 1727739896.317473)","(2568.0, 1000.025)","(2664.0, 376.074)",11,1.26088045
1727739944.4112408,2586.5550000000003,2586.55,2586.56,500,500,"(1.0, 1727739941.782521)","(1.0, 1727739941.782521)","(0.060572559697896156, 1727739919.193891)","(2568.0, 1000.025)","(2664.0, 376.074)",11,3.0324460600000003
1727739975.1395197,2590.215,2590.16,2590.27,500,500,"(1.0, 1727739968.219188)","(1.0, 1727739968.219188)","(1.0, 1727739968.219188)","(2568.0, 1002.981)","(2664.0, 376.074)",1,0.00301125
1727740005.5846117,2591.425,2591.42,2591.43,500,500,"(1.0, 1727740002.949469)","(1.0, 1727740002.949469)","(0.002813082602645732, 1727739982.31729)","(2568.0, 1000.025)","(2664.0, 376.074)",4,1.65673059
1727740037.2232049,2593.6949999999997,2593.58,2593.81,500,500,"(0.8607760875334207, 1727740033.915092)","(0.9303880437667102, 1727740016.430145)","(0.035836256789653805, 1727740012.612262)","(2568.0, 1000.025)","(2664.0, 376.074)",16,0.1303822
1727740067.7079017,2593.1850000000004,2593.03,2593.34,500,500,0,0,0,"(2568.0, 1002.9939999999999)","(2664.0, 376.074)",0,0.0
1727740098.2723005,2593.8599999999997,2593.79,2593.93,500,500,"(1.0, 1727740080.318663)","(1.0, 1727740080.318663)","(0.004045092830134204, 1727740080.318663)","(2568.0, 1000.025)","(2664.0, 376.074)",5,1.1515409399999998
1727740128.848773,2594.3050000000003,2594.3,2594.31,500,500,0,0,0,"(2568.0, 1000.025)","(2594.4, 456.347)",0,0.0
1727740159.405652,2593.005,2593.0,2593.01,500,500,"(-0.9339249444507298, 1727740149.132577)","(-0.5399570976066901, 1727740130.354617)","(-0.9669624722253649, 1727740130.354618)","(2568.0, 1213.75)","(2664.0, 376.074)",14,2.0559225999999997
1727740189.9904506,2593.105,2593.1,2593.11,500,500,"(-0.9682222816924991, 1727740171.805202)","(0.01588885915375041, 1727740168.716177)","(-0.9682222816924991, 1727740171.805202)","(2568.0, 1000.025)","(2664.0, 376.074)",4,1.12803316
1727740220.6681833,2595.4049999999997,2595.4,2595.41,500,500,"(1.0, 1727740207.742752)","(1.0, 1727740207.742752)","(0.10552950537976967, 1727740191.773783)","(2568.0, 1213.955)","(2664.0, 376.074)",11,0.8433660300000001
1727740251.096082,2595.085,2595.08,2595.09,500,500,"(-1.0, 1727740223.263837)","(-1.0, 1727740223.263837)","(-1.0, 1727740223.263837)","(2568.0, 1000.025)","(2664.0, 376.074)",1,0.079
1727740281.5340195,2594.375,2594.37,2594.38,500,500,0,0,0,"(2568.0, 1000.025)","(2594.4, 549.78)",0,0.0
1727740312.038141,2594.375,2594.37,2594.38,500,500,0,0,0,"(2568.0, 1211.902)","(2664.0, 376.074)",0,0.0
1727740342.5515666,2596.205,2596.2,2596.21,500,500,"(0.5719848111946457, 1727740333.340911)","(0.7859924055973229, 1727740325.603399)","(0.5719848111946457, 1727740333.340911)","(2568.0, 1000.025)","(2596.2000000000003, 399.707)",10,1.10181674
1727740373.160067,2595.365,2595.36,2595.37,500,500,"(1.0, 1727740347.73434)","(1.0, 1727740347.73434)","(0.5408111111111111, 1727740347.73434)","(2568.0, 1000.025)","(2664.0, 376.074)",2,0.011699999999999999
1727740403.6653316,2595.835,2595.83,2595.84,500,500,0,0,0,"(2568.0, 1000.025)","(2639.0, 382.546)",0,0.0
1727740434.1858914,2595.835,2595.83,2595.84,500,500,"(-1.0, 1727740433.53074)","(-1.0, 1727740433.53074)","(-1.0, 1727740433.53074)","(2568.0, 1000.025)","(2639.0, 382.546)",1,0.65
1727740464.7427104,2596.245,2596.24,2596.25,500,500,"(1.0, 1727740455.327988)","(1.0, 1727740455.327988)","(0.06449036332335761, 1727740438.034594)","(2568.0, 1000.025)","(2639.0, 382.546)",3,0.00588429
1727740495.2487237,2597.5150000000003,2597.51,2597.52,500,500,"(-0.48254925019427697, 1727740477.547158)","(-0.09998880373093351, 1727740469.301252)","(-0.48254925019427697, 1727740477.547158)","(2568.0, 1000.025)","(2639.0, 382.546)",7,0.07841898
1727740525.7246423,2597.5150000000003,2597.51,2597.52,500,500,"(1.0, 1727740503.709668)","(1.0, 1727740503.709668)","(0.25467926487017684, 1727740503.709668)","(2568.0, 1000.025)","(2639.0, 382.546)",2,0.02491043
1727740556.5658321,2598.635,2598.63,2598.64,500,500,"(1.0, 1727740547.334457)","(1.0, 1727740547.334457)","(0.026980087976741188, 1727740545.960378)","(2568.0, 1000.025)","(2664.0, 376.074)",5,0.6895140599999999
1727740587.0198526,2600.835,2600.83,2600.84,500,500,"(1.0, 1727740582.822103)","(1.0, 1727740582.822103)","(0.014119523819924306, 1727740578.13362)","(2568.0, 1000.025)","(2664.0, 376.074)",11,0.17627365
1727740617.5101998,2601.925,2601.92,2601.93,500,500,"(1.0, 1727740598.194753)","(1.0, 1727740598.194753)","(0.0062183836741269176, 1727740598.075355)","(2568.0, 1000.025)","(2664.0, 376.074)",5,0.8094611500000001
1727740647.9495695,2601.925,2601.92,2601.93,500,500,0,0,0,"(2568.0, 1000.025)","(2664.0, 376.074)",0,0.0
1727740678.4933102,2601.925,2601.92,2601.93,500,500,"(1.0, 1727740660.328935)","(1.0, 1727740660.328935)","(0.023407373843798044, 1727740649.53279)","(2568.0, 1000.025)","(2664.0, 376.074)",4,0.10584655999999999
1727740709.0048285,2602.6949999999997,2602.69,2602.7,500,500,"(-1.0, 1727740685.888704)","(-0.011147907692307692, 1727740685.888704)","(-1.0, 1727740685.888704)","(2568.0, 1000.0269999999999)","(2664.0, 376.074)",3,0.65
1727740739.4670706,2602.965,2602.96,2602.97,500,500,"(0.8188450486912127, 1727740729.397864)","(0.8188450486912127, 1727740729.397864)","(0.0015916885419950714, 1727740709.11647)","(2568.0, 1000.0269999999999)","(2664.0, 376.074)",8,4.41610894
1727740769.9059403,2602.565,2602.48,2602.65,500,500,"(1.0, 1727740742.915324)","(1.0, 1727740742.915324)","(0.008362638411259187, 1727740742.915324)","(2568.0, 1000.0269999999999)","(2664.0, 376.074)",2,0.32339674
1727740800.3475657,2602.415,2602.41,2602.42,500,500,"(1.0, 1727740800.277229)","(1.0, 1727740800.277229)","(0.28571417789977105, 1727740800.267317)","(2568.0, 1000.0269999999999)","(2602.4, 415.882)",2,0.013250270000000001
1727740830.8546612,2602.415,2602.41,2602.42,500,500,"(0.7305800768655583, 1727740813.581798)","(0.8652900384327791, 1727740810.812968)","(0.0392729515727065, 1727740800.267317)","(2568.0, 1000.0269999999999)","(2664.0, 376.074)",5,0.09639688
1727740861.3163826,2604.165,2604.16,2604.17,500,500,"(0.9608138885956049, 1727740857.76641)","(0.9608138885956049, 1727740857.76641)","(-0.01959305570219762, 1727740844.000629)","(2568.0, 1000.0269999999999)","(2664.0, 376.074)",2,0.66299
1727740891.7889037,2606.0150000000003,2606.01,2606.02,500,500,"(-0.8552948453866859, 1727740883.618673)","(0.05561389515860985, 1727740879.611499)","(-0.8552948453866859, 1727740883.618673)","(2568.0, 1000.0269999999999)","(2664.0, 376.074)",9,0.8770104999999999
1727740922.2877712,2602.425,2602.42,2602.43,500,500,"(-0.9974886147566792, 1727740922.219688)","(-0.00016010441357190946, 1727740911.851188)","(-0.9974886147566792, 1727740922.219688)","(2568.0, 1000.0269999999999)","(2664.0, 376.074)",12,18.34609012
1727740952.7397459,2601.665,2601.66,2601.67,500,500,"(-1.0, 1727740926.797565)","(-0.7650433139673486, 1727740922.219688)","(-1.0, 1727740926.797565)","(2568.0, 1000.0269999999999)","(2664.0, 376.074)",2,0.21917294999999998
1727740983.1457512,2601.665,2601.66,2601.67,500,500,"(-1.0, 1727740978.39238)","(-1.0, 1727740978.39238)","(-1.0, 1727740978.39238)","(2568.0, 1000.0269999999999)","(2664.0, 376.074)",1,0.21917
1727741013.6451647,2599.295,2599.29,2599.3,500,500,"(0.6945476043077365, 1727741013.611625)","(0.7659419555896112, 1727741011.286824)","(-0.08133184656425699, 1727740997.498954)","(2568.0, 1000.0269999999999)","(2639.0, 382.546)",4,0.12943503
1727741044.125948,2600.105,2600.1,2600.11,500,500,"(-0.9921208075395863, 1727741039.14974)","(-0.06645067632265356, 1727741029.797983)","(-0.9921208075395863, 1727741039.14974)","(2568.0, 1000.0269999999999)","(2664.0, 376.074)",5,8.68421229
1727741074.654737,2601.8050000000003,2601.8,2601.81,500,500,"(-0.9981785506503388, 1727741067.803103)","(-0.004957172411445037, 1727741045.70091)","(-0.9981785506503388, 1727741067.803103)","(2568.0, 1000.0269999999999)","(2664.0, 376.074)",13,36.90577507
1727741105.3072355,2602.125,2602.12,2602.13,500,500,0,0,0,"(2568.0, 1000.0269999999999)","(2664.0, 376.074)",0,0.0
1727741135.843204,2602.125,2602.12,2602.13,500,500,0,0,0,"(2568.0, 1000.0269999999999)","(2664.0, 376.074)",0,0.0
1727741166.3059509,2602.125,2602.12,2602.13,500,500,"(1.0, 1727741165.597444)","(1.0, 1727741165.597444)","(0.0064179631878169465, 1727741163.309276)","(2568.0, 1000.0269999999999)","(2664.0, 376.074)",15,3.3427536700000005
1727741196.9254029,2604.575,2604.57,2604.58,500,500,0,0,0,"(2568.0, 1000.0269999999999)","(2604.6000000000004, 478.67300000000006)",0,0.0
1727741227.509883,2604.575,2604.57,2604.58,500,500,"(-1.0, 1727741213.688605)","(-1.0, 1727741213.688605)","(-1.0, 1727741213.688605)","(2568.0, 1000.0269999999999)","(2664.0, 376.074)",1,0.0052272
1727741258.029814,2606.0150000000003,2606.01,2606.02,500,500,"(-1.0, 1727741256.236273)","(-0.0021831487737092085, 1727741237.309578)","(-1.0, 1727741256.236273)","(2568.0, 1000.0269999999999)","(2664.0, 376.074)",4,0.71074863
1727741288.6298182,2606.0150000000003,2606.01,2606.02,500,500,"(0.9173564845806323, 1727741282.566962)","(0.9586782422903162, 1727741264.934104)","(0.17153288629448996, 1727741264.934104)","(2568.0, 1355.027)","(2664.0, 376.074)",6,0.52468073
1727741319.307415,2604.4049999999997,2604.4,2604.41,500,500,"(1.0, 1727741317.472344)","(1.0, 1727741317.472344)","(1.0, 1727741317.472344)","(2568.0, 1000.0269999999999)","(2632.0, 402.082)",1,0.005
1727741349.9106114,2602.085,2602.08,2602.09,500,500,"(1.0, 1727741337.408182)","(1.0, 1727741337.408182)","(0.14891536906671715, 1727741337.408182)","(2568.0, 1000.0269999999999)","(2664.0, 376.074)",2,0.041957589999999996
1727741380.5180662,2604.425,2604.42,2604.43,500,500,"(-1.0, 1727741372.287479)","(-1.0, 1727741372.287479)","(-1.0, 1727741372.287479)","(2568.0, 1000.0269999999999)","(2664.0, 376.074)",1,0.09133783
1727741410.987595,2605.8450000000003,2605.84,2605.85,500,500,"(-1.0, 1727741391.972152)","(-1.0, 1727741391.972152)","(-1.0, 1727741391.972152)","(2568.0, 1000.0269999999999)","(2664.0, 376.074)",1,0.65
1727741441.5327437,2604.935,2604.93,2604.94,500,500,"(0.7624335430544711, 1727741430.294331)","(0.7624335430544711, 1727741430.294331)","(-0.11878322847276448, 1727741425.865821)","(2568.0, 1000.0269999999999)","(2664.0, 376.074)",4,1.62497688
1727741472.0048988,2604.935,2604.93,2604.94,500,500,"(1.0, 1727741445.04076)","(1.0, 1727741445.04076)","(0.06384811971788705, 1727741445.04076)","(2568.0, 1000.0269999999999)","(2632.0, 403.072)",2,0.09060768
1727741502.4769285,2602.745,2602.74,2602.75,500,500,"(-0.9999999999999998, 1727741492.933193)","(-0.9761542467115739, 1727741483.039804)","(-0.9999999999999998, 1727741492.933193)","(2568.0, 1000.0269999999999)","(2664.0, 376.074)",9,1.1268710899999999
1727741532.9768581,2603.0150000000003,2603.01,2603.02,500,500,"(-1.0, 1727741518.792111)","(-0.20543441815448374, 1727741507.518249)","(-1.0, 1727741518.792111)","(2568.0, 1000.0269999999999)","(2664.0, 376.074)",2,0.72514626
1727741563.5388594,2603.775,2603.77,2603.78,500,500,"(-0.9589812745336574, 1727741560.950691)","(-0.9589812745336574, 1727741560.950691)","(-0.9794906372668287, 1727741537.045537)","(2568.0, 1000.0269999999999)","(2664.0, 376.074)",2,0.53619706
1727741594.1502411,2603.105,2603.1,2603.11,500,500,"(-1.0, 1727741594.067634)","(-0.11447981539308198, 1727741569.311416)","(-1.0, 1727741594.067634)","(2568.0, 1000.0269999999999)","(2664.0, 376.074)",5,1.6480335799999999
1727741624.6689065,2602.8050000000003,2602.8,2602.81,500,500,"(-0.8694276675294794, 1727741619.535683)","(-0.8694276675294794, 1727741619.535683)","(-0.9347138337647397, 1727741594.067634)","(2568.0, 1000.025)","(2664.0, 376.074)",3,0.6954
1727741655.1823092,2603.075,2603.07,2603.08,500,500,0,0,0,"(2568.0, 1000.025)","(2720.0, 461.721)",0,0.0
1727741685.7398765,2603.075,2603.07,2603.08,500,500,0,0,0,"(2568.0, 1000.025)","(2720.0, 459.96500000000003)",0,0.0
1727741716.422043,2603.9300000000003,2603.76,2604.1,500,500,"(0.6242774566473989, 1727741715.558324)","(0.6242774566473989, 1727741715.558324)","(-0.1878612716763006, 1727741694.904707)","(2568.0, 1000.025)","(2651.2000000000003, 380.06300000000005)",4,3.46
1727741747.072298,2602.135,2602.13,2602.14,500,500,"(0.9841417876799344, 1727741737.007511)","(0.9841417876799344, 1727741737.007511)","(0.0020326494447270647, 1727741716.689092)","(2568.0, 1000.025)","(2651.2000000000003, 380.06300000000005)",6,2.44794301
1727741777.560257,2599.755,2599.75,2599.76,500,500,0,0,0,"(2568.0, 1000.025)","(2651.2000000000003, 380.06300000000005)",0,0.0
1727741808.0649967,2599.605,2599.6,2599.61,500,500,0,0,0,"(2568.0, 1000.025)","(2651.2000000000003, 380.06300000000005)",0,0.0
1727741838.6777654,2599.605,2599.6,2599.61,500,500,"(1.0, 1727741813.247935)","(1.0, 1727741813.247935)","(1.0, 1727741813.247935)","(2568.0, 1000.025)","(2651.2000000000003, 380.06300000000005)",1,0.03823949
1727741869.1343637,2600.895,2600.89,2600.9,500,500,"(-0.8570831730967191, 1727741860.230355)","(0.07145841345164046, 1727741842.303174)","(-0.8570831730967191, 1727741860.230355)","(2568.0, 1000.025)","(2651.2000000000003, 380.06300000000005)",6,2.7440929699999996
1727741899.6307278,2601.165,2601.16,2601.17,500,500,"(-1.0, 1727741876.296849)","(-0.9095622276998082, 1727741876.296849)","(-1.0, 1727741876.296849)","(2568.0, 1000.025)","(2601.2000000000003, 563.27)",2,1.09943
1727741930.179196,2599.7349999999997,2599.73,2599.74,500,500,"(1.0, 1727741909.870847)","(1.0, 1727741909.870847)","(1.0, 1727741909.870847)","(2568.0, 1000.025)","(2651.2000000000003, 380.06300000000005)",1,0.00635698
1727741960.6028328,2599.7349999999997,2599.73,2599.74,500,500,0,0,0,"(2568.0, 1000.025)","(2599.8, 542.076)",0,0.0
1727741991.0691688,2599.7349999999997,2599.73,2599.74,500,500,"(1.0, 1727741966.413464)","(1.0, 1727741966.413464)","(0.409117377735837, 1727741966.413464)","(2568.0, 1000.025)","(2599.8, 561.8870000000001)",2,0.017877070000000002
1727742021.5716748,2599.7349999999997,2599.73,2599.74,500,500,0,0,0,"(2568.0, 1000.025)","(2651.2000000000003, 380.06300000000005)",0,0.0
1727742052.0977151,2599.7349999999997,2599.73,2599.74,500,500,0,0,0,"(2568.0, 1000.025)","(2639.4, 380.052)",0,0.0
1727742082.6544108,2599.7349999999997,2599.73,2599.74,500,500,"(-1.0, 1727742073.394434)","(-1.0, 1727742073.394434)","(-1.0, 1727742073.394434)","(2568.0, 1000.025)","(2599.8, 660.657)",1,0.00692377
1727742113.368867,2592.385,2592.38,2592.39,500,500,"(-1.0, 1727742089.101865)","(-0.11780929497067202, 1727742083.7599)","(-1.0, 1727742089.101865)","(2568.0, 1000.025)","(2639.4, 380.052)",3,1.2462044700000001
1727742143.789045,2591.465,2591.46,2591.47,500,500,"(-1.0, 1727742131.357128)","(-0.12332345750732217, 1727742120.136301)","(-1.0, 1727742131.357128)","(2568.0, 1002.974)","(2639.4, 380.052)",3,1.2393899999999998
1727742174.3080974,2590.2349999999997,2590.23,2590.24,500,500,0,0,0,"(2568.0, 1000.025)","(2639.4, 380.052)",0,0.0
1727742204.925067,2594.135,2594.13,2594.14,500,500,"(1.0, 1727742204.468783)","(1.0, 1727742204.468783)","(0.0052824953616629755, 1727742174.48914)","(2568.0, 1000.025)","(2620.6000000000004, 404.46299999999997)",6,1.31487858
1727742235.4265163,2595.355,2595.35,2595.36,500,500,"(-0.8316804490597067, 1727742235.153967)","(0.05579888701161155, 1727742212.512849)","(-0.8600413375182419, 1727742234.915638)","(2568.0, 1000.602)","(2639.4, 380.052)",4,0.21737154
1727742265.8908095,2597.1049999999996,2596.97,2597.24,500,500,"(1.0, 1727742259.096882)","(1.0, 1727742259.096882)","(0.17716526947450037, 1727742235.153967)","(2568.0, 1000.025)","(2639.4, 380.052)",4,0.03479717
1727742296.5595787,2600.455,2600.45,2600.46,500,500,"(1.0, 1727742280.762875)","(1.0, 1727742280.762875)","(0.060893920917848184, 1727742280.762875)","(2568.0, 1000.025)","(2720.0, 459.96500000000003)",2,0.69214758
1727742327.093538,2600.045,2600.04,2600.05,500,500,"(0.9509248731724538, 1727742318.688205)","(0.9509248731724538, 1727742318.688205)","(0.021205301715606455, 1727742297.873419)","(2568.0, 1000.025)","(2720.0, 459.96500000000003)",8,3.30106126
1727742357.5272832,2604.935,2604.93,2604.94,500,500,"(1.0, 1727742349.694862)","(1.0, 1727742349.694862)","(0.8964057645510273, 1727742328.375254)","(2568.0, 1355.025)","(2720.0, 459.96500000000003)",13,0.72511805
1727742388.023034,2606.785,2606.78,2606.79,500,500,"(1.0, 1727742386.205611)","(1.0, 1727742386.205611)","(0.24043426955021724, 1727742375.312923)","(2568.0, 1355.025)","(2720.0, 459.96500000000003)",14,1.12495016
1727742418.5239084,2609.045,2609.04,2609.05,500,500,"(0.80440097799511, 1727742412.698925)","(0.80440097799511, 1727742412.698925)","(-0.09779951100244498, 1727742410.413843)","(2568.0, 1355.025)","(2720.0, 459.96500000000003)",14,4.09
1727742448.9977837,2609.46,2609.37,2609.55,500,500,"(-0.9623748537669888, 1727742445.808957)","(0.01881257311650557, 1727742424.480639)","(-0.9623748537669888, 1727742445.808957)","(2568.0, 1355.025)","(2720.0, 459.96500000000003)",4,4.08885959
1727742479.4250822,2609.995,2609.99,2610.0,500,500,"(-1.0, 1727742466.09048)","(-0.9842190320402663, 1727742456.461628)","(-1.0, 1727742466.09048)","(2568.0, 1355.025)","(2720.0, 459.96500000000003)",2,0.40641360000000004
1727742509.997255,2609.995,2609.99,2610.0,500,500,0,0,0,"(2568.0, 1355.025)","(2610.0, 698.2239999999999)",0,0.0
1727742540.6078994,2609.745,2609.74,2609.75,500,500,"(-1.0, 1727742526.641431)","(-0.20762973171966317, 1727742511.000108)","(-1.0, 1727742526.641431)","(2568.0, 1355.025)","(2720.0, 459.96500000000003)",5,2.1731
1727742571.0723228,2608.2650000000003,2608.26,2608.27,500,500,0,0,0,"(2568.0, 1355.025)","(2720.0, 459.96500000000003)",0,0.0
1727742601.570094,2609.995,2609.99,2610.0,500,500,"(1.0, 1727742576.047807)","(1.0, 1727742576.047807)","(0.1605830796326551, 1727742573.715965)","(2568.0, 1355.025)","(2720.0, 459.96500000000003)",3,4.047749
1727742632.063791,2609.995,2609.99,2610.0,500,500,"(1.0, 1727742631.362017)","(1.0, 1727742631.362017)","(0.07999242702826573, 1727742611.248849)","(2568.0, 1355.025)","(2720.0, 459.96500000000003)",10,7.049227420000001
1727742662.5038998,2610.135,2610.05,2610.22,500,500,"(0.9961063255926931, 1727742660.875158)","(0.9980531627963467, 1727742655.910967)","(0.00023596422833257335, 1727742639.014172)","(2568.0, 1355.025)","(2651.4, 380.052)",17,151.33776951000002
1727742692.9596627,2610.355,2610.35,2610.36,500,500,"(-0.8169107074508857, 1727742677.108281)","(0.06858307382700518, 1727742676.034414)","(-0.8398722798984377, 1727742676.982095)","(2568.0, 1355.025)","(2651.4, 380.052)",5,0.27519239
1727742723.433806,2611.965,2611.96,2611.97,500,500,"(1.0000000000000002, 1727742710.306754)","(1.0000000000000002, 1727742710.306754)","(0.03214258041818489, 1727742709.670274)","(2568.0, 1355.025)","(2651.4, 380.052)",10,6.2222754799999995
1727742754.251712,2611.98,2611.89,2612.07,500,500,0,0,0,"(2568.0, 1355.025)","(2720.0, 459.96500000000003)",0,0.0
1727742784.821907,2610.6549999999997,2610.65,2610.66,500,500,"(-0.9999999999999998, 1727742780.472153)","(-0.4661731648914398, 1727742759.095001)","(-0.9999999999999998, 1727742780.472153)","(2568.0, 1355.025)","(2651.4, 380.052)",9,2.3216694600000003
1727742815.3149157,2609.535,2609.53,2609.54,500,500,"(-1.0, 1727742804.94058)","(-1.0, 1727742804.94058)","(-1.0, 1727742804.94058)","(2568.0, 1355.025)","(2651.4, 380.052)",1,0.65
1727742845.819819,2609.535,2609.53,2609.54,500,500,"(-0.9964107793633217, 1727742844.021286)","(-0.2698259038807523, 1727742827.033585)","(-0.9964107793633217, 1727742844.021286)","(2568.0, 1355.025)","(2609.6000000000004, 450.62399999999997)",3,1.4726428200000001
1727742876.4692733,2608.225,2608.22,2608.23,500,500,"(-1.0, 1727742855.333556)","(-0.013237794510565948, 1727742846.329395)","(-1.0, 1727742855.333556)","(2568.0, 1355.025)","(2651.4, 380.052)",2,0.65872
1727742906.9955258,2607.0550000000003,2607.05,2607.06,500,500,"(-1.0, 1727742901.515381)","(-0.34891327430172187, 1727742901.515381)","(-1.0, 1727742901.515381)","(2568.0, 1355.025)","(2651.4, 380.052)",2,0.01229059
1727742937.5108242,2607.0550000000003,2607.05,2607.06,500,500,"(-0.890091606426861, 1727742920.70131)","(-0.890091606426861, 1727742920.70131)","(-0.9450458032134305, 1727742919.65711)","(2568.0, 1355.025)","(2651.4, 380.052)",3,1.12844266
1727742968.103441,2608.995,2608.99,2609.0,500,500,"(-0.5156468425684652, 1727742950.147167)","(0.24217657871576745, 1727742942.31284)","(-0.5156468425684652, 1727742950.147167)","(2568.0, 1355.025)","(2651.4, 380.052)",4,2.42792818
1727742998.6627157,2608.995,2608.99,2609.0,500,500,0,0,0,"(2568.0, 1355.025)","(2651.4, 380.052)",0,0.0
1727743029.109817,2610.065,2610.06,2610.07,500,500,"(0.34159969435639714, 1727743009.159621)","(0.34159969435639714, 1727743009.159621)","(-0.3292001528218014, 1727743006.466151)","(2568.0, 1355.025)","(2651.4, 380.052)",6,1.9744826800000002
1727743059.6558049,2611.3450000000003,2611.34,2611.35,500,500,0,0,0,"(2568.0, 1355.025)","(2651.4, 380.052)",0,0.0
1727743090.3047159,2611.245,2611.24,2611.25,500,500,"(-1.0, 1727743089.529648)","(-1.0, 1727743089.529648)","(-1.0, 1727743089.529648)","(2568.0, 1355.025)","(2651.4, 380.052)",1,0.4
1727743120.8278456,2610.09,2610.07,2610.11,500,500,"(-0.5550496673294207, 1727743107.970078)","(-0.5550496673294207, 1727743107.970078)","(-0.7775248336647105, 1727743107.471726)","(2568.0, 1355.025)","(2651.4, 380.052)",4,0.83598616
1727743151.587558,2610.995,2610.99,2611.0,500,500,0,0,0,"(2568.0, 1355.025)","(2651.4, 380.052)",0,0.0
1727743182.1733851,2609.5150000000003,2609.51,2609.52,500,500,"(1.0, 1727743169.315934)","(1.0, 1727743169.315934)","(0.1450709593957552, 1727743154.70017)","(2568.0, 1355.025)","(2651.4, 380.052)",3,0.04562257
1727743212.7013605,2609.5150000000003,2609.51,2609.52,500,500,0,0,0,"(2568.0, 1355.025)","(2651.4, 380.052)",0,0.0
1727743243.1728063,2609.5150000000003,2609.51,2609.52,500,500,"(1.0, 1727743221.543254)","(1.0, 1727743221.543254)","(0.8468049414455553, 1727743221.543254)","(2568.0, 1355.025)","(2651.4, 380.052)",2,0.16532733000000002
1727743273.764053,2610.995,2610.99,2611.0,500,500,"(-0.7571535172718931, 1727743259.100144)","(0.1214232413640534, 1727743253.566798)","(-0.7571535172718931, 1727743259.100144)","(2568.0, 1355.025)","(2720.0, 459.96500000000003)",2,0.7398329100000001
1727743304.417206,2610.995,2610.99,2611.0,500,500,0,0,0,"(2568.0, 1355.025)","(2720.0, 459.96500000000003)",0,0.0
1727743334.998919,2610.9849999999997,2610.98,2610.99,500,500,"(1.0, 1727743329.683376)","(1.0, 1727743329.683376)","(0.030006791017346414, 1727743326.414671)","(2568.0, 1355.025)","(2611.0, 442.47299999999996)",5,1.31037804
1727743365.625762,2610.9849999999997,2610.98,2610.99,500,500,0,0,0,"(2568.0, 1355.025)","(2611.0, 432.81)",0,0.0
1727743396.160759,2610.9849999999997,2610.98,2610.99,500,500,0,0,0,"(2568.0, 1355.025)","(2651.4, 380.052)",0,0.0
1727743426.658995,2611.685,2611.68,2611.69,500,500,"(-0.07586155551986457, 1727743411.32923)","(0.46206922224006775, 1727743402.117044)","(-0.07586155551986457, 1727743411.32923)","(2568.0, 1355.025)","(2720.0, 459.96500000000003)",2,1.20833391
1727743457.166477,2611.335,2611.33,2611.34,500,500,"(-1.0, 1727743444.099328)","(-1.0, 1727743444.099328)","(-1.0, 1727743444.099328)","(2568.0, 1355.025)","(2651.4, 380.052)",1,0.0343
1727743487.6318572,2611.0550000000003,2611.05,2611.06,500,500,"(-1.0, 1727743460.070886)","(-1.0, 1727743460.070886)","(-1.0, 1727743460.070886)","(2568.0, 1355.025)","(2611.0, 407.873)",1,0.01531493
1727743518.099943,2610.9849999999997,2610.98,2610.99,500,500,"(-1.0, 1727743503.831686)","(-0.8447641959057691, 1727743498.800244)","(-1.0, 1727743503.831686)","(2568.0, 1355.025)","(2651.4, 380.052)",2,0.22031
1727743548.5465007,2610.9849999999997,2610.98,2610.99,500,500,"(-0.9741668904775296, 1727743534.399949)","(0.012916554761235254, 1727743524.591031)","(-0.9741668904775296, 1727743534.399949)","(2568.0, 1355.025)","(2651.4, 380.052)",3,0.51818307
1727743579.0585065,2611.0550000000003,2611.05,2611.06,500,500,"(-0.9830104422470152, 1727743562.828073)","(-0.038643417607469595, 1727743550.530208)","(-0.9830104422470152, 1727743562.828073)","(2568.0, 1355.025)","(2720.0, 459.96500000000003)",4,0.83168498
1727743609.5580583,2611.0550000000003,2611.05,2611.06,500,500,"(1.0, 1727743587.036178)","(1.0, 1727743587.036178)","(1.0, 1727743587.036178)","(2568.0, 1355.025)","(2720.0, 459.96500000000003)",1,0.002
1727743640.0285313,2611.325,2611.32,2611.33,500,500,"(1.0, 1727743634.644634)","(1.0, 1727743634.644634)","(0.18536009445100352, 1727743634.557281)","(2568.0, 1355.025)","(2720.0, 459.96500000000003)",3,0.8470000000000001
1727743670.5094948,2614.225,2614.22,2614.23,500,500,"(1.0, 1727743646.578645)","(1.0, 1727743646.578645)","(0.023464914386280008, 1727743645.032117)","(2568.0, 1355.025)","(2614.2000000000003, 480.66099999999994)",13,8.86429827
1727743700.9912832,2614.225,2614.22,2614.23,500,500,"(0.6984252352256505, 1727743693.174532)","(0.8492126176128252, 1727743684.037198)","(0.5791051964657382, 1727743680.556212)","(2568.0, 1355.025)","(2720.0, 459.96500000000003)",3,0.01395256
1727743731.4658303,2614.225,2614.22,2614.23,500,500,"(1.0, 1727743729.011278)","(1.0, 1727743729.011278)","(1.0, 1727743729.011278)","(2568.0, 1355.025)","(2720.0, 459.96500000000003)",1,0.05218612
1727743762.073597,2611.7650000000003,2611.76,2611.77,500,500,"(-1.0, 1727743744.337125)","(-0.005753589865766818, 1727743734.226949)","(-1.0, 1727743744.337125)","(2568.0, 1355.025)","(2720.0, 459.96500000000003)",3,0.40389045
1727743792.5069904,2612.295,2612.29,2612.3,500,500,"(-1.0, 1727743765.116019)","(-0.3818766225738658, 1727743763.443413)","(-1.0, 1727743765.116019)","(2568.0, 1355.025)","(2720.0, 459.96500000000003)",2,1.05157
1727743823.1032097,2612.9049999999997,2612.9,2612.91,500,500,"(1.0, 1727743818.554143)","(1.0, 1727743818.554143)","(1.0, 1727743818.554143)","(2568.0, 1355.025)","(2720.0, 459.96500000000003)",1,0.01152996
1727743853.5660732,2615.895,2615.89,2615.9,500,500,"(0.9979280198516693, 1727743853.186669)","(0.9979280198516693, 1727743853.186669)","(0.010738244316738026, 1727743825.582344)","(2568.0, 1355.025)","(2720.0, 461.38700000000006)",19,2.89578064
1727743884.0275924,2619.17,2618.99,2619.35,500,500,"(1.0, 1727743879.383254)","(1.0, 1727743879.383254)","(0.00286374577117784, 1727743854.115266)","(2568.0, 1355.025)","(2720.0, 459.96500000000003)",26,67.07627190000001
1727743914.5076835,2619.625,2619.62,2619.63,500,500,"(1.0, 1727743888.807284)","(1.0, 1727743888.807284)","(0.06815185681832156, 1727743888.564197)","(2568.0, 1355.025)","(2720.0, 459.96500000000003)",4,0.45569294
1727743944.9934862,2619.165,2619.16,2619.17,500,500,"(-0.9999999999999998, 1727743939.91527)","(-0.001448685515095538, 1727743919.509228)","(-0.9999999999999998, 1727743939.91527)","(2568.0, 1355.025)","(2720.0, 459.96500000000003)",13,4.996184419999999
1727743975.49608,2619.625,2619.62,2619.63,500,500,"(-1.0, 1727743954.954061)","(-0.011835558122650686, 1727743945.151527)","(-1.0, 1727743954.954061)","(2568.0, 1355.025)","(2720.0, 459.96500000000003)",6,0.41987796
1727744006.0378866,2618.915,2618.91,2618.92,500,500,0,0,0,"(2568.0, 1355.025)","(2720.0, 459.96500000000003)",0,0.0
1727744036.5098221,2617.6949999999997,2617.69,2617.7,500,500,"(-0.29839873505420367, 1727744032.342976)","(0.3508006324728982, 1727744014.09216)","(-0.29839873505420367, 1727744032.342976)","(2568.0, 1355.025)","(2720.0, 459.96500000000003)",3,0.34049206
1727744067.0237765,2616.685,2616.68,2616.69,500,500,"(-1.0, 1727744055.097067)","(-0.8150379078226537, 1727744048.969462)","(-1.0, 1727744055.097067)","(2568.0, 1355.025)","(2720.0, 461.38800000000003)",2,0.04436947
1727744097.5334475,2616.685,2616.68,2616.69,500,500,"(-1.0, 1727744085.817043)","(-0.0076711084604243, 1727744076.049988)","(-1.0, 1727744085.817043)","(2568.0, 1355.025)","(2720.0, 461.38800000000003)",6,1.1737
1727744127.9739647,2616.685,2616.68,2616.69,500,500,"(-0.9522689263123065, 1727744113.822394)","(0.02386553684384669, 1727744104.036501)","(-0.9522689263123065, 1727744113.822394)","(2568.0, 1355.025)","(2720.0, 461.38800000000003)",2,0.03155303
1727744158.546022,2618.885,2618.88,2618.89,500,500,"(1.0, 1727744145.219655)","(1.0, 1727744145.219655)","(0.12106773044163258, 1727744139.566896)","(2568.0, 1355.025)","(2720.0, 461.38800000000003)",5,0.76127379
1727744189.036996,2619.615,2619.61,2619.62,500,500,0,0,0,"(2568.0, 1355.025)","(2720.0, 459.96500000000003)",0,0.0
1727744219.6159995,2619.615,2619.61,2619.62,500,500,0,0,0,"(2568.0, 1000.025)","(2720.0, 459.96500000000003)",0,0.0
1727744250.1229732,2616.665,2616.66,2616.67,500,500,"(-1.0, 1727744249.224125)","(-0.21597624823219788, 1727744246.753324)","(-1.0, 1727744249.224125)","(2568.0, 1355.025)","(2720.0, 459.96500000000003)",3,1.06771
1727744280.6178577,2618.5150000000003,2618.51,2618.52,500,500,"(-1.0, 1727744269.217316)","(-0.09956434542047529, 1727744250.570333)","(-1.0, 1727744269.217316)","(2568.0, 1000.025)","(2720.0, 459.96500000000003)",4,1.20525073
1727744311.0683007,2617.135,2617.13,2617.14,500,500,0,0,0,"(2568.0, 1355.025)","(2720.0, 459.96500000000003)",0,0.0
1727744341.7330565,2617.065,2617.06,2617.07,500,500,0,0,0,"(2568.0, 1000.025)","(2720.0, 459.96500000000003)",0,0.0
1727744372.2631361,2617.065,2617.06,2617.07,500,500,"(1.0, 1727744352.257173)","(1.0, 1727744352.257173)","(1.0, 1727744352.257173)","(2568.0, 1355.025)","(2720.0, 459.96500000000003)",1,0.0049565
1727744402.8380697,2617.065,2617.06,2617.07,500,500,"(-0.8666135505033261, 1727744400.081621)","(-0.8666135505033261, 1727744400.081621)","(-0.9333067752516631, 1727744384.637902)","(2568.0, 1355.025)","(2720.0, 459.96500000000003)",2,0.08466976999999999
1727744433.3017933,2617.065,2617.06,2617.07,500,500,"(-0.8660527679608203, 1727744433.057485)","(0.06697361601958986, 1727744403.290267)","(-0.8660527679608203, 1727744433.057485)","(2568.0, 1000.025)","(2720.0, 459.96500000000003)",4,0.26907805
1727744463.7514992,2617.065,2617.06,2617.07,500,500,"(0.43927223719317376, 1727744458.034923)","(0.43927223719317376, 1727744458.034923)","(-0.28036388140341306, 1727744436.736158)","(2568.0, 1000.025)","(2720.0, 459.96500000000003)",5,0.15009066000000001
1727744494.2368584,2617.065,2617.06,2617.07,500,500,0,0,0,"(2568.0, 1355.025)","(2720.0, 459.96500000000003)",0,0.0
1727744524.8311405,2617.065,2617.06,2617.07,500,500,"(0.7387950663508961, 1727744523.267485)","(0.7387950663508961, 1727744523.267485)","(-0.13060246682455204, 1727744494.660388)","(2568.0, 1355.025)","(2720.0, 459.96500000000003)",3,0.21464518
1727744555.3552587,2617.065,2617.06,2617.07,500,500,"(-1.0, 1727744529.432263)","(-0.00732840027850954, 1727744525.470976)","(-1.0, 1727744529.432263)","(2568.0, 1355.025)","(2720.0, 459.96500000000003)",3,3.8248456599999994
1727744585.9209116,2617.065,2617.06,2617.07,500,500,"(-1.0, 1727744576.860068)","(-1.0, 1727744576.860068)","(-1.0, 1727744576.860068)","(2568.0, 1000.025)","(2720.0, 459.96500000000003)",1,0.03832
1727744616.3805633,2617.065,2617.06,2617.07,500,500,"(-1.0, 1727744589.338367)","(-0.00271, 1727744589.338367)","(-1.0, 1727744589.338367)","(2568.0, 1000.025)","(2720.0, 459.96500000000003)",3,8.0
1727744646.8772948,2619.4849999999997,2619.48,2619.49,500,500,"(1.0, 1727744619.768682)","(1.0, 1727744619.768682)","(0.1161000539382944, 1727744619.768682)","(2568.0, 1000.025)","(2720.0, 459.96500000000003)",2,0.73537735
1727744677.3846154,2622.545,2622.54,2622.55,500,500,"(0.6041275959001737, 1727744673.96814)","(0.8020637979500869, 1727744667.034554)","(0.1979362020499132, 1727744653.638585)","(2568.0, 1000.025)","(2720.0, 459.96500000000003)",16,3.28388639
1727744707.8492785,2623.455,2623.45,2623.46,500,500,"(1.0, 1727744679.368118)","(1.0, 1727744679.368118)","(0.15, 1727744679.368118)","(2568.0, 1000.025)","(2663.4, 380.125)",6,1.0
1727744738.3903627,2623.455,2623.45,2623.46,500,500,"(-0.7872205932462729, 1727744735.969169)","(-0.06202772056466987, 1727744722.436221)","(-0.8936102966231364, 1727744724.607651)","(2568.0, 1000.025)","(2663.4, 380.125)",4,0.11058072
1727744769.023442,2623.455,2623.45,2623.46,500,500,"(1.0, 1727744756.132553)","(1.0, 1727744756.132553)","(1.0, 1727744756.132553)","(2568.0, 1000.025)","(2663.4, 380.125)",1,4.02
1727744799.467396,2625.0150000000003,2625.01,2625.02,500,500,"(0.9999999999999998, 1727744785.904476)","(0.9999999999999998, 1727744785.904476)","(0.04214459629766188, 1727744775.992997)","(2568.0, 1000.025)","(2720.0, 459.96500000000003)",17,2.18903129
1727744829.95804,2625.0150000000003,2625.01,2625.02,500,500,"(-1.0, 1727744826.671573)","(-0.1428565975, 1727744826.671573)","(-1.0, 1727744826.671573)","(2568.0, 1000.025)","(2720.0, 459.96500000000003)",2,4.0
1727744860.5097606,2625.865,2625.86,2625.87,500,500,"(0.6918542357149846, 1727744848.780105)","(0.6927751184996546, 1727744841.720079)","(-0.15315199935783763, 1727744836.813256)","(2568.0, 1000.025)","(2720.0, 459.96500000000003)",9,1.3344912300000003
1727744890.9530306,2625.0150000000003,2625.01,2625.02,500,500,0,0,0,"(2568.0, 1000.025)","(2720.0, 459.96500000000003)",0,0.0
1727744921.486608,2624.625,2624.62,2624.63,500,500,"(-0.4512926194895749, 1727744912.768995)","(-0.2038950490678006, 1727744901.201706)","(-0.47824873932301315, 1727744899.008933)","(2568.0, 1000.025)","(2720.0, 459.96500000000003)",3,0.68069181
1727744952.1704113,2624.625,2624.62,2624.63,500,500,"(-0.6907296803327301, 1727744937.155154)","(-0.2109590710534434, 1727744929.588575)","(-0.845364840166365, 1727744934.087367)","(2568.0, 1000.025)","(2720.0, 459.96500000000003)",5,0.7220867499999999
1727744982.658248,2624.625,2624.62,2624.63,500,500,0,0,0,"(2568.0, 1000.025)","(2624.6000000000004, 562.979)",0,0.0
1727745013.1620328,2624.625,2624.62,2624.63,500,500,"(1.0, 1727744997.423687)","(1.0, 1727744997.423687)","(1.0, 1727744997.423687)","(2568.0, 1000.025)","(2624.6000000000004, 445.337)",1,0.00920381
1727745043.6560402,2624.625,2624.62,2624.63,500,500,"(1.0, 1727745021.664379)","(1.0, 1727745021.664379)","(1.0, 1727745021.664379)","(2568.0, 1000.025)","(2720.0, 459.96500000000003)",1,0.21159644
1727745074.1867425,2624.625,2624.62,2624.63,500,500,"(0.2971377964345777, 1727745066.879273)","(0.6485688982172888, 1727745051.162248)","(0.2971377964345777, 1727745066.879273)","(2568.0, 1000.025)","(2720.0, 459.96500000000003)",3,0.30698131
1727745104.6333654,2624.75,2624.66,2624.84,500,500,"(-0.2289734576617084, 1727745099.428255)","(-0.2289734576617084, 1727745099.428255)","(-0.6144867288308542, 1727745078.873413)","(2568.0, 1000.025)","(2720.0, 459.96500000000003)",5,1.05779339
1727745135.1865497,2624.625,2624.62,2624.63,500,500,0,0,0,"(2568.0, 1000.025)","(2720.0, 459.96500000000003)",0,0.0
1727745165.79823,2624.2749999999996,2624.18,2624.37,500,500,"(-0.22792974761569873, 1727745165.015747)","(0.38603512619215063, 1727745151.271266)","(-0.22792974761569873, 1727745165.015747)","(2568.0, 1000.025)","(2720.0, 459.96500000000003)",14,14.371473510000001
1727745196.3575048,2623.455,2623.45,2623.46,500,500,"(-0.6079304337431183, 1727745195.938775)","(-0.0015576099443925205, 1727745176.604398)","(-0.8039652168715592, 1727745181.986431)","(2568.0, 1000.025)","(2663.4, 380.125)",5,4.269650449999999
1727745226.8979251,2621.335,2621.33,2621.34,500,500,"(-0.9324789424794069, 1727745217.989365)","(0.03376052876029652, 1727745210.621911)","(-0.9324789424794069, 1727745217.989365)","(2568.0, 1000.025)","(2663.4, 380.125)",21,0.13154089
1727745257.3714776,2621.335,2621.33,2621.34,500,500,"(-1.0, 1727745235.252882)","(-0.04990848538596524, 1727745235.252882)","(-1.0, 1727745235.252882)","(2568.0, 1000.025)","(2663.4, 380.125)",3,1.05994
